<!DOCTYPE html>
<meta charset="utf-8" />
<meta name="viewport" content="width=device-width" />

<title>[Gen 3] OU: Melee Minion vs. 1P1o1s1h1e1 - Replays - Pok&eacute;mon Showdown!</title>

<meta name="description" content="Watch a replay of a Pok&eacute;mon battle between Melee Minion and 1P1o1s1h1e1! Format: [Gen 3] OU; Date: Oct 5, 2024" />
<!--

Hey, you! Looking in the source for the replay log?

You can find them in JSON format, just add `.json` at the end of a replay URL.

https://replay.pokemonshowdown.com/gen7randomdoublesbattle-865046831.json

Or, if you only need the log itself, add `.log` instead:

https://replay.pokemonshowdown.com/gen7randomdoublesbattle-865046831.log

-->

<link rel="stylesheet" href="//pokemonshowdown.com/style/global.css?0.767286132409787" />
<link rel="stylesheet" href="//play.pokemonshowdown.com/style/font-awesome.css?0.9266228007934947" />
<link rel="stylesheet" href="//play.pokemonshowdown.com/style/battle.css?0.7924700842790926" />
<link rel="stylesheet" href="//play.pokemonshowdown.com/style/utilichart.css?0.8777417872839479" />

<!-- Global site tag (gtag.js) - Google Analytics -->
<script async src="https://www.googletagmanager.com/gtag/js?id=UA-26211653-1"></script>
<script>
  window.dataLayer = window.dataLayer || [];
  function gtag(){dataLayer.push(arguments);}
  gtag('js', new Date());

  gtag('config', 'UA-26211653-1');
</script>
<!-- End Google Analytics -->
<!-- Venatus Ad Manager - Install in <HEAD> of page -->
	<script src="https://hb.vntsm.com/v3/live/ad-manager.min.js" type="text/javascript" data-site-id="642aba63ec9a7b11c3c9c1be" data-mode="scan" async></script>
<!-- / Venatus Ad Manager -->

<style>
	@media (max-width:820px) {
		.battle {
			margin: 0 auto;
		}
		.battle-log {
			margin: 7px auto 0;
			max-width: 640px;
			height: 300px;
			position: static;
		}
	}
	.optgroup {
		display: inline-block;
		line-height: 22px;
		font-size: 10pt;
	}
	.optgroup .button {
		height: 25px;
		padding-top: 0;
		padding-bottom: 0;
	}
	.optgroup button.button {
		padding-left: 12px;
		padding-right: 12px;
	}
	.linklist {
		list-style: none;
		margin: 0.5em 0;
		padding: 0;
	}
	.linklist li {
		padding: 2px 0;
	}
	.sidebar {
		float: left;
		width: 320px;
	}
	.bar-wrapper {
		max-width: 1100px;
		margin: 0 auto;
	}
	.bar-wrapper.has-sidebar {
		max-width: 1430px;
	}
	.mainbar {
		margin: 0;
		padding-right: 1px;
	}
	.mainbar.has-sidebar {
		margin-left: 330px;
	}
	@media (min-width: 1511px) {
		.sidebar {
			width: 400px;
		}
		.bar-wrapper.has-sidebar {
			max-width: 1510px;
		}
		.mainbar.has-sidebar {
			margin-left: 410px;
		}
	}
	.section.first-section {
		margin-top: 9px;
	}
	.blocklink small {
		white-space: normal;
	}
	.button {
		vertical-align: middle;
	}
	.replay-controls {
		padding-top: 10px;
	}
	.replay-controls h1 {
		font-size: 16pt;
		font-weight: normal;
		color: #CCC;
	}
	.pagelink {
		text-align: center;
	}
	.pagelink a {
		width: 150px;
	}
	.textbox, .button {
		font-size: 11pt;
		vertical-align: middle;
	}
	@media (max-width: 450px) {
		.button {
			font-size: 9pt;
		}
	}
</style>

<div>

	<header>
		<div class="nav-wrapper"><ul class="nav">
			<li><a class="button nav-first" href="//pokemonshowdown.com/"><img src="//pokemonshowdown.com/images/pokemonshowdownbeta.png" srcset="//pokemonshowdown.com/images/pokemonshowdownbeta.png 1x, //pokemonshowdown.com/images/pokemonshowdownbeta@2x.png 2x" alt="Pok&eacute;mon Showdown" width="146" height="44" /> Home</a></li>
			<li><a class="button" href="//pokemonshowdown.com/dex/">Pok&eacute;dex</a></li>
			<li><a class="button cur" href="/">Replays</a></li>
			<li><a class="button" href="//pokemonshowdown.com/ladder/">Ladder</a></li>
			<li><a class="button nav-last" href="//pokemonshowdown.com/forums/">Forum</a></li>
			<li><a class="button greenbutton nav-first nav-last" href="//play.pokemonshowdown.com/">Play</a></li>
		</ul></div>
	</header>

	<div class="main" id="main">

		<noscript><section class="section">You need to enable JavaScript to use this page; sorry!</section></noscript>

	</div>

</div>

<script defer nomodule src="//play.pokemonshowdown.com/js/lib/ps-polyfill.js"></script>
<script defer src="//play.pokemonshowdown.com/js/lib/preact.min.js"></script>

<script defer src="//play.pokemonshowdown.com/config/config.js?6dec07f6"></script>
<script defer src="//play.pokemonshowdown.com/js/lib/jquery-1.11.0.min.js"></script>
<script defer src="//play.pokemonshowdown.com/js/lib/html-sanitizer-minified.js"></script>
<script defer src="//play.pokemonshowdown.com/js/battle-sound.js"></script>
<script defer src="//play.pokemonshowdown.com/js/battledata.js?0.6315294753075389"></script>
<script defer src="//play.pokemonshowdown.com/data/pokedex-mini.js?0.7603743185311358"></script>
<script defer src="//play.pokemonshowdown.com/data/pokedex-mini-bw.js?0.030888842834281283"></script>
<script defer src="//play.pokemonshowdown.com/data/graphics.js?0.05593094747507488"></script>
<script defer src="//play.pokemonshowdown.com/data/pokedex.js?0.47064822249611904"></script>
<script defer src="//play.pokemonshowdown.com/data/moves.js?0.8583693120512459"></script>
<script defer src="//play.pokemonshowdown.com/data/abilities.js?0.16017181182386842"></script>
<script defer src="//play.pokemonshowdown.com/data/items.js?0.4163379185673943"></script>
<script defer src="//play.pokemonshowdown.com/data/teambuilder-tables.js?0.31075597372830477"></script>
<script defer src="//play.pokemonshowdown.com/js/battle-tooltips.js?0.6536193500708172"></script>
<script defer src="//play.pokemonshowdown.com/js/battle.js?0.1916591943277901"></script>

<script defer src="js/utils.js?e31f9a17"></script>
<script defer src="js/replays-battle.js?7008c182"></script>

<!-- don't scrape this data! just add .json or .log after the URL!
Full API docs: https://github.com/smogon/pokemon-showdown-client/blob/master/WEB-API.md -->
<script type="text/plain" class="log" id="replaylog-smogtours-gen3ou-795001">
|inactive|Battle timer is ON: inactive players will automatically lose when time's up.
|t:|1728145764
|gametype|singles
|player|p1|Melee Minion|102|
|player|p2|1P1o1s1h1e1|170|
|teamsize|p1|6
|teamsize|p2|6
|gen|3
|tier|[Gen 3] OU
|rule|Sleep Clause Mod: Limit one foe put to sleep
|rule|Switch Priority Clause Mod: Faster Pokémon switch first
|rule|Species Clause: Limit one of each Pokémon
|rule|OHKO Clause: OHKO moves are banned
|rule|Evasion Items Clause: Evasion items are banned
|rule|Evasion Moves Clause: Evasion moves are banned
|rule|Endless Battle Clause: Forcing endless battles is banned
|rule|HP Percentage Mod: HP is shown in percentages
|rule|One Boost Passer Clause: Limit one Baton Passer that has a way to boost its stats
|rule|Freeze Clause Mod: Limit one foe frozen
|
|t:|1728145764
|start
|switch|p1a: Owe me a Soda|Jynx, F|100/100
|switch|p2a: CAUTION|Zapdos|100/100
|turn|1
|c|☆Melee Minion|GLHF
|c|☆1P1o1s1h1e1|u2
|
|t:|1728145789
|switch|p2a: HIGH WATERS|Swampert, F|100/100
|move|p1a: Owe me a Soda|Ice Beam|p2a: HIGH WATERS
|-damage|p2a: HIGH WATERS|60/100
|
|-heal|p2a: HIGH WATERS|67/100|[from] item: Leftovers
|upkeep
|turn|2
|
|t:|1728145801
|move|p1a: Owe me a Soda|Substitute|p1a: Owe me a Soda
|-start|p1a: Owe me a Soda|Substitute
|-damage|p1a: Owe me a Soda|76/100
|move|p2a: HIGH WATERS|Earthquake|p1a: Owe me a Soda
|-end|p1a: Owe me a Soda|Substitute
|
|-heal|p1a: Owe me a Soda|82/100|[from] item: Leftovers
|-heal|p2a: HIGH WATERS|73/100|[from] item: Leftovers
|upkeep
|turn|3
|
|t:|1728145812
|switch|p1a: Cthulhu Barbie|Claydol|100/100
|move|p2a: HIGH WATERS|Earthquake|p1a: Cthulhu Barbie
|-immune|p1a: Cthulhu Barbie
|
|-heal|p2a: HIGH WATERS|79/100|[from] item: Leftovers
|upkeep
|turn|4
|
|t:|1728145829
|switch|p1a: Snoreo|Snorlax, M|100/100
|move|p2a: HIGH WATERS|Hydro Pump|p1a: Snoreo|[miss]
|-miss|p2a: HIGH WATERS|p1a: Snoreo
|
|-heal|p2a: HIGH WATERS|85/100|[from] item: Leftovers
|upkeep
|turn|5
|
|t:|1728145847
|switch|p2a: LETHAL|Gengar, M|100/100
|move|p1a: Snoreo|Body Slam|p2a: LETHAL
|-immune|p2a: LETHAL
|
|upkeep
|turn|6
|
|t:|1728145857
|move|p2a: LETHAL|Hypnosis|p1a: Snoreo
|-status|p1a: Snoreo|slp|[from] move: Hypnosis
|cant|p1a: Snoreo|slp
|
|upkeep
|turn|7
|inactive|1P1o1s1h1e1 has 270 seconds left.
|
|t:|1728145901
|switch|p2a: X|Metagross|100/100
|cant|p1a: Snoreo|slp
|
|upkeep
|turn|8
|
|t:|1728145909
|switch|p1a: Tyranocifn't|Suicune|100/100
|move|p2a: X|Meteor Mash|p1a: Tyranocifn't
|-resisted|p1a: Tyranocifn't
|-damage|p1a: Tyranocifn't|69/100
|
|-heal|p1a: Tyranocifn't|75/100|[from] item: Leftovers
|upkeep
|turn|9
|
|t:|1728145920
|switch|p2a: CAUTION|Zapdos|100/100
|move|p1a: Tyranocifn't|Surf|p2a: CAUTION
|-damage|p2a: CAUTION|58/100
|
|-heal|p2a: CAUTION|64/100|[from] item: Leftovers
|-heal|p1a: Tyranocifn't|81/100|[from] item: Leftovers
|upkeep
|turn|10
|
|t:|1728145936
|switch|p1a: Cthulhu Barbie|Claydol|100/100
|move|p2a: CAUTION|Baton Pass|p2a: CAUTION
|
|t:|1728145955
|switch|p2a: BABY ON BOARD|Celebi|100/100|[from] Baton Pass
|
|upkeep
|turn|11
|
|t:|1728145965
|switch|p1a: Owe me a Soda|Jynx, F|82/100
|move|p2a: BABY ON BOARD|Baton Pass|p2a: BABY ON BOARD
|
|t:|1728145971
|switch|p2a: HIGH WATERS|Swampert, F|85/100|[from] Baton Pass
|
|-heal|p1a: Owe me a Soda|88/100|[from] item: Leftovers
|-heal|p2a: HIGH WATERS|92/100|[from] item: Leftovers
|upkeep
|turn|12
|
|t:|1728145978
|move|p1a: Owe me a Soda|Lovely Kiss|p2a: HIGH WATERS
|-status|p2a: HIGH WATERS|slp|[from] move: Lovely Kiss
|cant|p2a: HIGH WATERS|slp
|
|-heal|p1a: Owe me a Soda|93/100|[from] item: Leftovers
|-heal|p2a: HIGH WATERS|98/100 slp|[from] item: Leftovers
|upkeep
|turn|13
|
|t:|1728145984
|switch|p2a: X|Metagross|100/100
|move|p1a: Owe me a Soda|Substitute|p1a: Owe me a Soda
|-start|p1a: Owe me a Soda|Substitute
|-damage|p1a: Owe me a Soda|69/100
|
|-heal|p1a: Owe me a Soda|75/100|[from] item: Leftovers
|upkeep
|turn|14
|
|t:|1728145995
|move|p1a: Owe me a Soda|Ice Beam|p2a: X
|-resisted|p2a: X
|-damage|p2a: X|73/100
|-status|p2a: X|frz
|cant|p2a: X|frz
|
|-heal|p1a: Owe me a Soda|81/100|[from] item: Leftovers
|upkeep
|turn|15
|
|t:|1728146006
|move|p1a: Owe me a Soda|Ice Beam|p2a: X
|-resisted|p2a: X
|-damage|p2a: X|49/100 frz
|cant|p2a: X|frz
|
|-heal|p1a: Owe me a Soda|86/100|[from] item: Leftovers
|upkeep
|turn|16
|
|t:|1728146010
|move|p1a: Owe me a Soda|Ice Beam|p2a: X
|-resisted|p2a: X
|-damage|p2a: X|25/100 frz
|cant|p2a: X|frz
|
|-heal|p1a: Owe me a Soda|92/100|[from] item: Leftovers
|upkeep
|turn|17
|
|t:|1728146014
|move|p1a: Owe me a Soda|Ice Beam|p2a: X
|-resisted|p2a: X
|-damage|p2a: X|1/100 frz
|-curestatus|p2a: X|frz|[msg]
|move|p2a: X|Meteor Mash|p1a: Owe me a Soda
|-supereffective|p1a: Owe me a Soda
|-end|p1a: Owe me a Soda|Substitute
|
|-heal|p1a: Owe me a Soda|98/100|[from] item: Leftovers
|upkeep
|turn|18
|
|t:|1728146021
|move|p1a: Owe me a Soda|Ice Beam|p2a: X
|-resisted|p2a: X
|-damage|p2a: X|0 fnt
|faint|p2a: X
|
|t:|1728146028
|switch|p2a: LETHAL|Gengar, M|100/100
|
|-heal|p1a: Owe me a Soda|100/100|[from] item: Leftovers
|upkeep
|turn|19
|
|t:|1728146034
|move|p2a: LETHAL|Explosion|p1a: Owe me a Soda
|-crit|p1a: Owe me a Soda
|-damage|p1a: Owe me a Soda|0 fnt
|faint|p2a: LETHAL
|faint|p1a: Owe me a Soda
|
|t:|1728146049
|switch|p2a: BABY ON BOARD|Celebi|100/100
|switch|p1a: Salamence|Salamence, F|100/100
|-ability|p1a: Salamence|Intimidate|boost
|-unboost|p2a: BABY ON BOARD|atk|1
|
|upkeep
|turn|20
|
|t:|1728146056
|move|p2a: BABY ON BOARD|Hidden Power|p1a: Salamence
|-supereffective|p1a: Salamence
|-damage|p1a: Salamence|29/100
|move|p1a: Salamence|Dragon Dance|p1a: Salamence
|-boost|p1a: Salamence|atk|1
|-boost|p1a: Salamence|spe|1
|
|-heal|p1a: Salamence|35/100|[from] item: Leftovers
|upkeep
|turn|21
|inactive|1P1o1s1h1e1 has 270 seconds left.
|
|t:|1728146088
|switch|p2a: HIGH WATERS|Swampert, F|98/100 slp
|move|p1a: Salamence|Hidden Power|p2a: HIGH WATERS
|-damage|p2a: HIGH WATERS|41/100 slp
|
|-heal|p1a: Salamence|41/100|[from] item: Leftovers
|-heal|p2a: HIGH WATERS|47/100 slp|[from] item: Leftovers
|upkeep
|turn|22
|
|t:|1728146095
|move|p1a: Salamence|Hidden Power|p2a: HIGH WATERS
|-damage|p2a: HIGH WATERS|0 fnt
|faint|p2a: HIGH WATERS
|inactive|1P1o1s1h1e1 has 270 seconds left.
|
|t:|1728146107
|switch|p2a: CAUTION|Zapdos|64/100
|
|-heal|p1a: Salamence|47/100|[from] item: Leftovers
|-heal|p2a: CAUTION|70/100|[from] item: Leftovers
|upkeep
|turn|23
|
|t:|1728146112
|move|p1a: Salamence|Rock Slide|p2a: CAUTION
|-supereffective|p2a: CAUTION
|-damage|p2a: CAUTION|0 fnt
|faint|p2a: CAUTION
|
|t:|1728146125
|switch|p2a: BABY ON BOARD|Celebi|100/100
|
|-heal|p1a: Salamence|53/100|[from] item: Leftovers
|upkeep
|turn|24
|
|t:|1728146129
|move|p1a: Salamence|Hidden Power|p2a: BABY ON BOARD
|-supereffective|p2a: BABY ON BOARD
|-damage|p2a: BABY ON BOARD|0 fnt
|faint|p2a: BABY ON BOARD
|
|t:|1728146131
|switch|p2a: FLAMMABLE|Charizard, M|100/100
|
|-heal|p1a: Salamence|59/100|[from] item: Leftovers
|upkeep
|turn|25
|
|t:|1728146137
|move|p1a: Salamence|Rock Slide|p2a: FLAMMABLE
|-supereffective|p2a: FLAMMABLE
|-damage|p2a: FLAMMABLE|0 fnt
|faint|p2a: FLAMMABLE
|
|win|Melee Minion
|c|☆1P1o1s1h1e1|gg
|c|☆Melee Minion|gg
|c|☆Melee Minion|sorry for hax

</script>
<script type="application/json" class="data" id="replaydata-smogtours-gen3ou-795001">
{"id":"smogtours-gen3ou-795001","format":"[Gen 3] OU","players":["Melee Minion","1P1o1s1h1e1"],"uploadtime":1728146137,"views":113,"formatid":"gen3ou","rating":null,"private":0,"password":null}
</script>

<script defer src="js/replays.js?9d40a366"></script>
