<!DOCTYPE html>
<meta charset="utf-8" />
<meta name="viewport" content="width=device-width" />

<title>[Gen 3] OU: cisconduct vs. ali.gnome - Replays - Pok&eacute;mon Showdown!</title>

<meta name="description" content="Watch a replay of a Pok&eacute;mon battle between cisconduct and ali.gnome! Format: [Gen 3] OU; Date: Oct 3, 2024" />
<!--

Hey, you! Looking in the source for the replay log?

You can find them in JSON format, just add `.json` at the end of a replay URL.

https://replay.pokemonshowdown.com/gen7randomdoublesbattle-865046831.json

Or, if you only need the log itself, add `.log` instead:

https://replay.pokemonshowdown.com/gen7randomdoublesbattle-865046831.log

-->

<link rel="stylesheet" href="//pokemonshowdown.com/style/global.css?0.023195364461161105" />
<link rel="stylesheet" href="//play.pokemonshowdown.com/style/font-awesome.css?0.13261647063804238" />
<link rel="stylesheet" href="//play.pokemonshowdown.com/style/battle.css?0.8753245789963631" />
<link rel="stylesheet" href="//play.pokemonshowdown.com/style/utilichart.css?0.8627959624976733" />

<!-- Global site tag (gtag.js) - Google Analytics -->
<script async src="https://www.googletagmanager.com/gtag/js?id=UA-26211653-1"></script>
<script>
  window.dataLayer = window.dataLayer || [];
  function gtag(){dataLayer.push(arguments);}
  gtag('js', new Date());

  gtag('config', 'UA-26211653-1');
</script>
<!-- End Google Analytics -->
<!-- Venatus Ad Manager - Install in <HEAD> of page -->
	<script src="https://hb.vntsm.com/v3/live/ad-manager.min.js" type="text/javascript" data-site-id="642aba63ec9a7b11c3c9c1be" data-mode="scan" async></script>
<!-- / Venatus Ad Manager -->

<style>
	@media (max-width:820px) {
		.battle {
			margin: 0 auto;
		}
		.battle-log {
			margin: 7px auto 0;
			max-width: 640px;
			height: 300px;
			position: static;
		}
	}
	.optgroup {
		display: inline-block;
		line-height: 22px;
		font-size: 10pt;
	}
	.optgroup .button {
		height: 25px;
		padding-top: 0;
		padding-bottom: 0;
	}
	.optgroup button.button {
		padding-left: 12px;
		padding-right: 12px;
	}
	.linklist {
		list-style: none;
		margin: 0.5em 0;
		padding: 0;
	}
	.linklist li {
		padding: 2px 0;
	}
	.sidebar {
		float: left;
		width: 320px;
	}
	.bar-wrapper {
		max-width: 1100px;
		margin: 0 auto;
	}
	.bar-wrapper.has-sidebar {
		max-width: 1430px;
	}
	.mainbar {
		margin: 0;
		padding-right: 1px;
	}
	.mainbar.has-sidebar {
		margin-left: 330px;
	}
	@media (min-width: 1511px) {
		.sidebar {
			width: 400px;
		}
		.bar-wrapper.has-sidebar {
			max-width: 1510px;
		}
		.mainbar.has-sidebar {
			margin-left: 410px;
		}
	}
	.section.first-section {
		margin-top: 9px;
	}
	.blocklink small {
		white-space: normal;
	}
	.button {
		vertical-align: middle;
	}
	.replay-controls {
		padding-top: 10px;
	}
	.replay-controls h1 {
		font-size: 16pt;
		font-weight: normal;
		color: #CCC;
	}
	.pagelink {
		text-align: center;
	}
	.pagelink a {
		width: 150px;
	}
	.textbox, .button {
		font-size: 11pt;
		vertical-align: middle;
	}
	@media (max-width: 450px) {
		.button {
			font-size: 9pt;
		}
	}
</style>

<div>

	<header>
		<div class="nav-wrapper"><ul class="nav">
			<li><a class="button nav-first" href="//pokemonshowdown.com/"><img src="//pokemonshowdown.com/images/pokemonshowdownbeta.png" srcset="//pokemonshowdown.com/images/pokemonshowdownbeta.png 1x, //pokemonshowdown.com/images/pokemonshowdownbeta@2x.png 2x" alt="Pok&eacute;mon Showdown" width="146" height="44" /> Home</a></li>
			<li><a class="button" href="//pokemonshowdown.com/dex/">Pok&eacute;dex</a></li>
			<li><a class="button cur" href="/">Replays</a></li>
			<li><a class="button" href="//pokemonshowdown.com/ladder/">Ladder</a></li>
			<li><a class="button nav-last" href="//pokemonshowdown.com/forums/">Forum</a></li>
			<li><a class="button greenbutton nav-first nav-last" href="//play.pokemonshowdown.com/">Play</a></li>
		</ul></div>
	</header>

	<div class="main" id="main">

		<noscript><section class="section">You need to enable JavaScript to use this page; sorry!</section></noscript>

	</div>

</div>

<script defer nomodule src="//play.pokemonshowdown.com/js/lib/ps-polyfill.js"></script>
<script defer src="//play.pokemonshowdown.com/js/lib/preact.min.js"></script>

<script defer src="//play.pokemonshowdown.com/config/config.js?2bddbc15"></script>
<script defer src="//play.pokemonshowdown.com/js/lib/jquery-1.11.0.min.js"></script>
<script defer src="//play.pokemonshowdown.com/js/lib/html-sanitizer-minified.js"></script>
<script defer src="//play.pokemonshowdown.com/js/battle-sound.js"></script>
<script defer src="//play.pokemonshowdown.com/js/battledata.js?0.7209276989879541"></script>
<script defer src="//play.pokemonshowdown.com/data/pokedex-mini.js?0.6111056340867951"></script>
<script defer src="//play.pokemonshowdown.com/data/pokedex-mini-bw.js?0.3532142036491459"></script>
<script defer src="//play.pokemonshowdown.com/data/graphics.js?0.24223875632456182"></script>
<script defer src="//play.pokemonshowdown.com/data/pokedex.js?0.38839984266356864"></script>
<script defer src="//play.pokemonshowdown.com/data/moves.js?0.21866028504024015"></script>
<script defer src="//play.pokemonshowdown.com/data/abilities.js?0.2005157953846628"></script>
<script defer src="//play.pokemonshowdown.com/data/items.js?0.9894211263848525"></script>
<script defer src="//play.pokemonshowdown.com/data/teambuilder-tables.js?0.6008791140282215"></script>
<script defer src="//play.pokemonshowdown.com/js/battle-tooltips.js?0.7580118955022959"></script>
<script defer src="//play.pokemonshowdown.com/js/battle.js?0.6057722274234274"></script>

<script defer src="js/utils.js?e31f9a17"></script>
<script defer src="js/replays-battle.js?7008c182"></script>

<!-- don't scrape this data! just add .json or .log after the URL!
Full API docs: https://github.com/smogon/pokemon-showdown-client/blob/master/WEB-API.md -->
<script type="text/plain" class="log" id="replaylog-smogtours-gen3ou-794337">
|inactive|Battle timer is ON: inactive players will automatically lose when time's up.
|t:|1727984379
|gametype|singles
|player|p1|cisconduct|1|
|player|p2|ali.gnome|1|
|teamsize|p1|6
|teamsize|p2|6
|gen|3
|tier|[Gen 3] OU
|rule|Sleep Clause Mod: Limit one foe put to sleep
|rule|Switch Priority Clause Mod: Faster Pokémon switch first
|rule|Species Clause: Limit one of each Pokémon
|rule|OHKO Clause: OHKO moves are banned
|rule|Evasion Items Clause: Evasion items are banned
|rule|Evasion Moves Clause: Evasion moves are banned
|rule|Endless Battle Clause: Forcing endless battles is banned
|rule|HP Percentage Mod: HP is shown in percentages
|rule|One Boost Passer Clause: Limit one Baton Passer that has a way to boost its stats
|rule|Freeze Clause Mod: Limit one foe frozen
|
|t:|1727984379
|start
|switch|p1a: Salamence|Salamence, M|100/100
|switch|p2a: Tyranitar|Tyranitar, F|100/100
|-ability|p1a: Salamence|Intimidate|boost
|-unboost|p2a: Tyranitar|atk|1
|-weather|Sandstorm|[from] ability: Sand Stream|[of] p2a: Tyranitar
|turn|1
|inactive|cisconduct has 270 seconds left.
|c|☆ali.gnome|no way i bring bkc tar THREE times in a row
|
|t:|1727984434
|switch|p1a: Metagross|Metagross|100/100
|move|p2a: Tyranitar|Ice Beam|p1a: Metagross
|-resisted|p1a: Metagross
|-damage|p1a: Metagross|81/100
|-status|p1a: Metagross|frz
|
|-weather|Sandstorm|[upkeep]
|-heal|p1a: Metagross|87/100 frz|[from] item: Leftovers
|upkeep
|turn|2
|c|☆cisconduct|the luck evened out now id say
|inactive|ali.gnome has 270 seconds left.
|c|☆ali.gnome|brb reading how freeze works in gen 3
|inactive|ali.gnome has 240 seconds left.
|c|☆cisconduct|chance to thaw every turn, fire moves insta thaw 
|c|☆cisconduct|dont remember the chance exactly 
|c|☆ali.gnome|yh but whats the odds
|
|t:|1727984524
|switch|p2a: Metagross|Metagross|100/100
|-curestatus|p1a: Metagross|frz|[msg]
|move|p1a: Metagross|Meteor Mash|p2a: Metagross
|-resisted|p2a: Metagross
|-damage|p2a: Metagross|83/100
|
|-weather|Sandstorm|[upkeep]
|-heal|p1a: Metagross|93/100|[from] item: Leftovers
|upkeep
|turn|3
|c|☆cisconduct|20% per turn
|
|t:|1727984539
|move|p1a: Metagross|Hidden Power|p2a: Metagross
|-supereffective|p2a: Metagross
|-damage|p2a: Metagross|33/100
|move|p2a: Metagross|Agility|p2a: Metagross
|-boost|p2a: Metagross|spe|2
|
|-weather|Sandstorm|[upkeep]
|-heal|p1a: Metagross|99/100|[from] item: Leftovers
|upkeep
|turn|4
|
|t:|1727984550
|switch|p1a: Swampert|Swampert, M|100/100
|move|p2a: Metagross|Explosion|p1a: Swampert
|-damage|p1a: Swampert|0 fnt
|faint|p2a: Metagross
|faint|p1a: Swampert
|c|☆cisconduct|damn
|c|☆cisconduct|houdini'd
|inactive|ali.gnome has 210 seconds left.
|c|☆cisconduct|third match in a row i lose swampert early i need to conserve him better lol
|
|t:|1727984591
|switch|p1a: Salamence|Salamence, M|100/100
|switch|p2a: Tyranitar|Tyranitar, F|100/100
|-ability|p1a: Salamence|Intimidate|boost
|-unboost|p2a: Tyranitar|atk|1
|
|-weather|Sandstorm|[upkeep]
|-damage|p1a: Salamence|94/100|[from] Sandstorm
|-heal|p1a: Salamence|100/100|[from] item: Leftovers
|upkeep
|turn|5
|
|t:|1727984599
|move|p1a: Salamence|Brick Break|p2a: Tyranitar
|-supereffective|p2a: Tyranitar
|-damage|p2a: Tyranitar|12/100
|move|p2a: Tyranitar|Fire Blast|p1a: Salamence
|-resisted|p1a: Salamence
|-damage|p1a: Salamence|78/100
|
|-weather|Sandstorm|[upkeep]
|-damage|p1a: Salamence|71/100|[from] Sandstorm
|-heal|p1a: Salamence|78/100|[from] item: Leftovers
|upkeep
|turn|6
|c|☆ali.gnome|NOOOOO
|c|☆ali.gnome|IM A FOO
|c|☆ali.gnome|L
|
|t:|1727984621
|move|p1a: Salamence|Hidden Power|p2a: Tyranitar
|-supereffective|p2a: Tyranitar
|-damage|p2a: Tyranitar|0 fnt
|faint|p2a: Tyranitar
|c|☆cisconduct|MISCLICK?
|
|t:|1727984627
|switch|p2a: Blissey|Blissey, F|100/100
|
|-weather|Sandstorm|[upkeep]
|-damage|p1a: Salamence|71/100|[from] Sandstorm
|-damage|p2a: Blissey|94/100|[from] Sandstorm
|-heal|p1a: Salamence|78/100|[from] item: Leftovers
|-heal|p2a: Blissey|100/100|[from] item: Leftovers
|upkeep
|turn|7
|
|t:|1727984646
|switch|p1a: Metagross|Metagross|99/100
|move|p2a: Blissey|Thunder Wave|p1a: Metagross
|-status|p1a: Metagross|par
|
|-weather|Sandstorm|[upkeep]
|-damage|p2a: Blissey|94/100|[from] Sandstorm
|-heal|p2a: Blissey|100/100|[from] item: Leftovers
|-heal|p1a: Metagross|100/100 par|[from] item: Leftovers
|upkeep
|turn|8
|c|☆ali.gnome|reading metagross again
|c|☆ali.gnome|wanted to nail him on swtich in
|c|☆cisconduct|you got me bro good job
|inactive|ali.gnome has 180 seconds left.
|
|t:|1727984673
|move|p2a: Blissey|Seismic Toss|p1a: Metagross
|-damage|p1a: Metagross|67/100 par
|cant|p1a: Metagross|par
|
|-weather|Sandstorm|[upkeep]
|-damage|p2a: Blissey|94/100|[from] Sandstorm
|-heal|p2a: Blissey|100/100|[from] item: Leftovers
|-heal|p1a: Metagross|73/100 par|[from] item: Leftovers
|upkeep
|turn|9
|inactive|cisconduct has 270 seconds left.
|
|t:|1727984704
|switch|p2a: Skarmory|Skarmory, F, shiny|100/100
|move|p1a: Metagross|Meteor Mash|p2a: Skarmory
|-resisted|p2a: Skarmory
|-damage|p2a: Skarmory|84/100
|
|-weather|Sandstorm|[upkeep]
|-heal|p2a: Skarmory|90/100|[from] item: Leftovers
|-heal|p1a: Metagross|79/100 par|[from] item: Leftovers
|upkeep
|turn|10
|
|t:|1727984713
|move|p2a: Skarmory|Spikes|p1a: Metagross
|-sidestart|p1: cisconduct|Spikes
|move|p1a: Metagross|Hidden Power|p2a: Skarmory
|-supereffective|p2a: Skarmory
|-damage|p2a: Skarmory|53/100
|
|-weather|Sandstorm|[upkeep]
|-heal|p2a: Skarmory|59/100|[from] item: Leftovers
|-heal|p1a: Metagross|85/100 par|[from] item: Leftovers
|upkeep
|turn|11
|
|t:|1727984721
|move|p2a: Skarmory|Protect|p2a: Skarmory
|-singleturn|p2a: Skarmory|Protect
|move|p1a: Metagross|Hidden Power|p2a: Skarmory
|-activate|p2a: Skarmory|Protect
|
|-weather|Sandstorm|[upkeep]
|-heal|p2a: Skarmory|65/100|[from] item: Leftovers
|-heal|p1a: Metagross|91/100 par|[from] item: Leftovers
|upkeep
|turn|12
|inactive|cisconduct has 270 seconds left.
|
|t:|1727984742
|switch|p2a: Blissey|Blissey, F|100/100
|move|p1a: Metagross|Hidden Power|p2a: Blissey
|-damage|p2a: Blissey|92/100
|
|-weather|Sandstorm|[upkeep]
|-damage|p2a: Blissey|86/100|[from] Sandstorm
|-heal|p2a: Blissey|92/100|[from] item: Leftovers
|-heal|p1a: Metagross|97/100 par|[from] item: Leftovers
|upkeep
|turn|13
|
|t:|1727984752
|move|p2a: Blissey|Seismic Toss|p1a: Metagross
|-damage|p1a: Metagross|64/100 par
|cant|p1a: Metagross|par
|
|-weather|Sandstorm|[upkeep]
|-damage|p2a: Blissey|86/100|[from] Sandstorm
|-heal|p2a: Blissey|92/100|[from] item: Leftovers
|-heal|p1a: Metagross|70/100 par|[from] item: Leftovers
|upkeep
|turn|14
|
|t:|1727984770
|move|p2a: Blissey|Seismic Toss|p1a: Metagross
|-damage|p1a: Metagross|37/100 par
|move|p1a: Metagross|Explosion|p2a: Blissey
|-damage|p2a: Blissey|0 fnt
|faint|p1a: Metagross
|faint|p2a: Blissey
|
|t:|1727984779
|switch|p1a: Snorlax|Snorlax, F|100/100
|switch|p2a: Salamence|Salamence, M|100/100
|-ability|p2a: Salamence|Intimidate|boost
|-unboost|p1a: Snorlax|atk|1
|-damage|p1a: Snorlax|88/100|[from] Spikes
|
|-weather|Sandstorm|[upkeep]
|-damage|p2a: Salamence|94/100|[from] Sandstorm
|-damage|p1a: Snorlax|82/100|[from] Sandstorm
|-heal|p2a: Salamence|100/100|[from] item: Leftovers
|-heal|p1a: Snorlax|88/100|[from] item: Leftovers
|upkeep
|turn|15
|inactive|cisconduct has 270 seconds left.
|
|t:|1727984812
|switch|p2a: Skarmory|Skarmory, F, shiny|65/100
|move|p1a: Snorlax|Body Slam|p2a: Skarmory
|-resisted|p2a: Skarmory
|-damage|p2a: Skarmory|55/100
|-status|p2a: Skarmory|par
|
|-weather|Sandstorm|[upkeep]
|-damage|p1a: Snorlax|82/100|[from] Sandstorm
|-heal|p1a: Snorlax|88/100|[from] item: Leftovers
|-heal|p2a: Skarmory|61/100 par|[from] item: Leftovers
|upkeep
|turn|16
|inactive|ali.gnome has 210 seconds left.
|
|t:|1727984831
|-singleturn|p1a: Snorlax|move: Focus Punch
|move|p1a: Snorlax|Focus Punch|p2a: Skarmory
|-damage|p2a: Skarmory|35/100 par
|move|p2a: Skarmory|Roar|p1a: Snorlax
|drag|p1a: Tyranitar|Tyranitar, F|100/100
|-damage|p1a: Tyranitar|88/100|[from] Spikes
|
|-weather|Sandstorm|[upkeep]
|-heal|p2a: Skarmory|41/100 par|[from] item: Leftovers
|upkeep
|turn|17
|
|t:|1727984840
|move|p1a: Tyranitar|Dragon Dance|p1a: Tyranitar
|-boost|p1a: Tyranitar|atk|1
|-boost|p1a: Tyranitar|spe|1
|cant|p2a: Skarmory|par
|
|-weather|Sandstorm|[upkeep]
|-heal|p2a: Skarmory|47/100 par|[from] item: Leftovers
|upkeep
|turn|18
|inactive|cisconduct has 270 seconds left.
|
|t:|1727984847
|move|p1a: Tyranitar|Rock Slide|p2a: Skarmory
|-damage|p2a: Skarmory|1/100 par
|cant|p2a: Skarmory|flinch
|
|-weather|Sandstorm|[upkeep]
|-heal|p2a: Skarmory|7/100 par|[from] item: Leftovers
|upkeep
|turn|19
|c|☆ali.gnome|rip
|c|☆cisconduct|unlucky
|c|☆ali.gnome|got my ass
|c|☆ali.gnome|yeah
|inactive|ali.gnome has 210 seconds left.
|c|☆ali.gnome|para and flinch off of body slam sucks
|c|☆ali.gnome|thats life tho ggs
|-message|ali.gnome forfeited.
|
|win|cisconduct
|player|p2|
|c|☆cisconduct|it was a lot of fun playing with you ali, best of luck in the rest of the tournament
|c|☆cisconduct|how did you save it?

</script>
<script type="application/json" class="data" id="replaydata-smogtours-gen3ou-794337">
{"id":"smogtours-gen3ou-794337","format":"[Gen 3] OU","players":["cisconduct","ali.gnome"],"uploadtime":1727984896,"views":102,"formatid":"gen3ou","rating":null,"private":0,"password":null}
</script>

<script defer src="js/replays.js?9d40a366"></script>
