<!DOCTYPE html>
<meta charset="utf-8" />
<meta name="viewport" content="width=device-width" />

<title>[Gen 3] OU: thestonewallsmith vs. Msousagamer - Replays - Pok&eacute;mon Showdown!</title>

<meta name="description" content="Watch a replay of a Pok&eacute;mon battle between thestonewallsmith and Msousagamer! Format: [Gen 3] OU; Date: Oct 5, 2024" />
<!--

Hey, you! Looking in the source for the replay log?

You can find them in JSON format, just add `.json` at the end of a replay URL.

https://replay.pokemonshowdown.com/gen7randomdoublesbattle-865046831.json

Or, if you only need the log itself, add `.log` instead:

https://replay.pokemonshowdown.com/gen7randomdoublesbattle-865046831.log

-->

<link rel="stylesheet" href="//pokemonshowdown.com/style/global.css?0.767286132409787" />
<link rel="stylesheet" href="//play.pokemonshowdown.com/style/font-awesome.css?0.9266228007934947" />
<link rel="stylesheet" href="//play.pokemonshowdown.com/style/battle.css?0.7924700842790926" />
<link rel="stylesheet" href="//play.pokemonshowdown.com/style/utilichart.css?0.8777417872839479" />

<!-- Global site tag (gtag.js) - Google Analytics -->
<script async src="https://www.googletagmanager.com/gtag/js?id=UA-26211653-1"></script>
<script>
  window.dataLayer = window.dataLayer || [];
  function gtag(){dataLayer.push(arguments);}
  gtag('js', new Date());

  gtag('config', 'UA-26211653-1');
</script>
<!-- End Google Analytics -->
<!-- Venatus Ad Manager - Install in <HEAD> of page -->
	<script src="https://hb.vntsm.com/v3/live/ad-manager.min.js" type="text/javascript" data-site-id="642aba63ec9a7b11c3c9c1be" data-mode="scan" async></script>
<!-- / Venatus Ad Manager -->

<style>
	@media (max-width:820px) {
		.battle {
			margin: 0 auto;
		}
		.battle-log {
			margin: 7px auto 0;
			max-width: 640px;
			height: 300px;
			position: static;
		}
	}
	.optgroup {
		display: inline-block;
		line-height: 22px;
		font-size: 10pt;
	}
	.optgroup .button {
		height: 25px;
		padding-top: 0;
		padding-bottom: 0;
	}
	.optgroup button.button {
		padding-left: 12px;
		padding-right: 12px;
	}
	.linklist {
		list-style: none;
		margin: 0.5em 0;
		padding: 0;
	}
	.linklist li {
		padding: 2px 0;
	}
	.sidebar {
		float: left;
		width: 320px;
	}
	.bar-wrapper {
		max-width: 1100px;
		margin: 0 auto;
	}
	.bar-wrapper.has-sidebar {
		max-width: 1430px;
	}
	.mainbar {
		margin: 0;
		padding-right: 1px;
	}
	.mainbar.has-sidebar {
		margin-left: 330px;
	}
	@media (min-width: 1511px) {
		.sidebar {
			width: 400px;
		}
		.bar-wrapper.has-sidebar {
			max-width: 1510px;
		}
		.mainbar.has-sidebar {
			margin-left: 410px;
		}
	}
	.section.first-section {
		margin-top: 9px;
	}
	.blocklink small {
		white-space: normal;
	}
	.button {
		vertical-align: middle;
	}
	.replay-controls {
		padding-top: 10px;
	}
	.replay-controls h1 {
		font-size: 16pt;
		font-weight: normal;
		color: #CCC;
	}
	.pagelink {
		text-align: center;
	}
	.pagelink a {
		width: 150px;
	}
	.textbox, .button {
		font-size: 11pt;
		vertical-align: middle;
	}
	@media (max-width: 450px) {
		.button {
			font-size: 9pt;
		}
	}
</style>

<div>

	<header>
		<div class="nav-wrapper"><ul class="nav">
			<li><a class="button nav-first" href="//pokemonshowdown.com/"><img src="//pokemonshowdown.com/images/pokemonshowdownbeta.png" srcset="//pokemonshowdown.com/images/pokemonshowdownbeta.png 1x, //pokemonshowdown.com/images/pokemonshowdownbeta@2x.png 2x" alt="Pok&eacute;mon Showdown" width="146" height="44" /> Home</a></li>
			<li><a class="button" href="//pokemonshowdown.com/dex/">Pok&eacute;dex</a></li>
			<li><a class="button cur" href="/">Replays</a></li>
			<li><a class="button" href="//pokemonshowdown.com/ladder/">Ladder</a></li>
			<li><a class="button nav-last" href="//pokemonshowdown.com/forums/">Forum</a></li>
			<li><a class="button greenbutton nav-first nav-last" href="//play.pokemonshowdown.com/">Play</a></li>
		</ul></div>
	</header>

	<div class="main" id="main">

		<noscript><section class="section">You need to enable JavaScript to use this page; sorry!</section></noscript>

	</div>

</div>

<script defer nomodule src="//play.pokemonshowdown.com/js/lib/ps-polyfill.js"></script>
<script defer src="//play.pokemonshowdown.com/js/lib/preact.min.js"></script>

<script defer src="//play.pokemonshowdown.com/config/config.js?6dec07f6"></script>
<script defer src="//play.pokemonshowdown.com/js/lib/jquery-1.11.0.min.js"></script>
<script defer src="//play.pokemonshowdown.com/js/lib/html-sanitizer-minified.js"></script>
<script defer src="//play.pokemonshowdown.com/js/battle-sound.js"></script>
<script defer src="//play.pokemonshowdown.com/js/battledata.js?0.6315294753075389"></script>
<script defer src="//play.pokemonshowdown.com/data/pokedex-mini.js?0.7603743185311358"></script>
<script defer src="//play.pokemonshowdown.com/data/pokedex-mini-bw.js?0.030888842834281283"></script>
<script defer src="//play.pokemonshowdown.com/data/graphics.js?0.05593094747507488"></script>
<script defer src="//play.pokemonshowdown.com/data/pokedex.js?0.47064822249611904"></script>
<script defer src="//play.pokemonshowdown.com/data/moves.js?0.8583693120512459"></script>
<script defer src="//play.pokemonshowdown.com/data/abilities.js?0.16017181182386842"></script>
<script defer src="//play.pokemonshowdown.com/data/items.js?0.4163379185673943"></script>
<script defer src="//play.pokemonshowdown.com/data/teambuilder-tables.js?0.31075597372830477"></script>
<script defer src="//play.pokemonshowdown.com/js/battle-tooltips.js?0.6536193500708172"></script>
<script defer src="//play.pokemonshowdown.com/js/battle.js?0.1916591943277901"></script>

<script defer src="js/utils.js?e31f9a17"></script>
<script defer src="js/replays-battle.js?7008c182"></script>

<!-- don't scrape this data! just add .json or .log after the URL!
Full API docs: https://github.com/smogon/pokemon-showdown-client/blob/master/WEB-API.md -->
<script type="text/plain" class="log" id="replaylog-smogtours-gen3ou-794933">
|inactive|Battle timer is ON: inactive players will automatically lose when time's up.
|t:|1728137925
|gametype|singles
|player|p1|thestonewallsmith|169|
|player|p2|Msousagamer|veteran|
|teamsize|p1|6
|teamsize|p2|6
|gen|3
|tier|[Gen 3] OU
|rule|Sleep Clause Mod: Limit one foe put to sleep
|rule|Switch Priority Clause Mod: Faster Pokémon switch first
|rule|Species Clause: Limit one of each Pokémon
|rule|OHKO Clause: OHKO moves are banned
|rule|Evasion Items Clause: Evasion items are banned
|rule|Evasion Moves Clause: Evasion moves are banned
|rule|Endless Battle Clause: Forcing endless battles is banned
|rule|HP Percentage Mod: HP is shown in percentages
|rule|One Boost Passer Clause: Limit one Baton Passer that has a way to boost its stats
|rule|Freeze Clause Mod: Limit one foe frozen
|
|t:|1728137925
|start
|switch|p1a: Metagross|Metagross|100/100
|switch|p2a: Metagross|Metagross|100/100
|turn|1
|c|☆Msousagamer|Gl hf
|c|☆Msousagamer|Sry for taking so long
|c|☆thestonewallsmith|gl hf
|c|☆thestonewallsmith|ur good no worries
|inactive|Msousagamer has 270 seconds left.
|
|t:|1728137985
|move|p2a: Metagross|Explosion|p1a: Metagross
|-resisted|p1a: Metagross
|-damage|p1a: Metagross|0 fnt
|faint|p2a: Metagross
|faint|p1a: Metagross
|
|t:|1728138007
|switch|p2a: Salamence|Salamence, M|100/100
|switch|p1a: Salamence|Salamence, F|100/100
|-ability|p1a: Salamence|Intimidate|boost
|-unboost|p2a: Salamence|atk|1
|-ability|p2a: Salamence|Intimidate|boost
|-unboost|p1a: Salamence|atk|1
|
|upkeep
|turn|2
|
|t:|1728138021
|switch|p1a: Suicune|Suicune|100/100
|switch|p2a: Suicune|Suicune|100/100
|
|upkeep
|turn|3
|c|☆thestonewallsmith|woah 
|c|☆Msousagamer|Lol
|inactive|Msousagamer has 270 seconds left.
|
|t:|1728138057
|switch|p2a: Snorlax|Snorlax, M|100/100
|move|p1a: Suicune|Roar|p2a: Snorlax
|drag|p2a: Claydol|Claydol|100/100
|
|upkeep
|turn|4
|inactive|Msousagamer has 270 seconds left.
|
|t:|1728138065
|switch|p2a: Celebi|Celebi|100/100
|move|p1a: Suicune|Calm Mind|p1a: Suicune
|-boost|p1a: Suicune|spa|1
|-boost|p1a: Suicune|spd|1
|
|upkeep
|turn|5
|inactive|thestonewallsmith has 270 seconds left.
|
|t:|1728138119
|switch|p1a: Blissey|Blissey, F|100/100
|move|p2a: Celebi|Leech Seed|p1a: Blissey
|-start|p1a: Blissey|move: Leech Seed
|
|-damage|p1a: Blissey|88/100|[from] Leech Seed|[of] p2a: Celebi
|upkeep
|turn|6
|
|t:|1728138130
|switch|p2a: Snorlax|Snorlax, M|100/100
|move|p1a: Blissey|Wish|p1a: Blissey
|
|-heal|p1a: Blissey|94/100|[from] item: Leftovers
|-damage|p1a: Blissey|82/100|[from] Leech Seed|[of] p2a: Snorlax
|upkeep
|turn|7
|
|t:|1728138143
|switch|p1a: Suicune|Suicune|100/100
|move|p2a: Snorlax|Curse|p2a: Snorlax
|-unboost|p2a: Snorlax|spe|1
|-boost|p2a: Snorlax|atk|1
|-boost|p2a: Snorlax|def|1
|
|upkeep
|turn|8
|
|t:|1728138152
|move|p2a: Snorlax|Double-Edge|p1a: Suicune
|-damage|p1a: Suicune|44/100
|-damage|p2a: Snorlax|84/100|[from] Recoil|[of] p1a: Suicune
|move|p1a: Suicune|Roar|p2a: Snorlax
|drag|p2a: Claydol|Claydol|100/100
|
|-heal|p1a: Suicune|50/100|[from] item: Leftovers
|upkeep
|turn|9
|
|t:|1728138162
|switch|p1a: Salamence|Salamence, F|100/100
|-ability|p1a: Salamence|Intimidate|boost
|-unboost|p2a: Claydol|atk|1
|move|p2a: Claydol|Explosion|p1a: Salamence
|-damage|p1a: Salamence|1/100
|faint|p2a: Claydol
|
|t:|1728138167
|switch|p2a: Suicune|Suicune|100/100
|
|upkeep
|turn|10
|inactive|thestonewallsmith has 270 seconds left.
|
|t:|1728138184
|switch|p1a: Magneton|Magneton|100/100
|move|p2a: Suicune|Ice Beam|p1a: Magneton
|-resisted|p1a: Magneton
|-damage|p1a: Magneton|75/100
|
|upkeep
|turn|11
|
|t:|1728138189
|switch|p2a: Celebi|Celebi|100/100
|move|p1a: Magneton|Thunder Wave|p2a: Celebi
|-status|p2a: Celebi|par
|
|upkeep
|turn|12
|
|t:|1728138194
|move|p1a: Magneton|Hidden Power|p2a: Celebi
|-supereffective|p2a: Celebi
|-damage|p2a: Celebi|55/100 par
|move|p2a: Celebi|Leech Seed|p1a: Magneton
|-start|p1a: Magneton|move: Leech Seed
|
|-damage|p1a: Magneton|63/100|[from] Leech Seed|[of] p2a: Celebi
|-heal|p2a: Celebi|63/100 par|[silent]
|-heal|p2a: Celebi|69/100 par|[from] item: Leftovers
|upkeep
|turn|13
|
|t:|1728138211
|switch|p1a: Blissey|Blissey, F|82/100
|-curestatus|p2a: Celebi|par|[from] ability: Natural Cure
|switch|p2a: Salamence|Salamence, M|100/100
|-ability|p2a: Salamence|Intimidate|boost
|-unboost|p1a: Blissey|atk|1
|
|-heal|p1a: Blissey|88/100|[from] item: Leftovers
|upkeep
|turn|14
|
|t:|1728138215
|move|p2a: Salamence|Brick Break|p1a: Blissey
|-supereffective|p1a: Blissey
|-damage|p1a: Blissey|48/100
|move|p1a: Blissey|Ice Beam|p2a: Salamence
|-supereffective|p2a: Salamence
|-damage|p2a: Salamence|0 fnt
|faint|p2a: Salamence
|
|t:|1728138219
|switch|p2a: Snorlax|Snorlax, M|84/100
|
|-heal|p1a: Blissey|54/100|[from] item: Leftovers
|-heal|p2a: Snorlax|90/100|[from] item: Leftovers
|upkeep
|turn|15
|
|t:|1728138228
|switch|p1a: Claydol|Claydol|100/100
|move|p2a: Snorlax|Curse|p2a: Snorlax
|-unboost|p2a: Snorlax|spe|1
|-boost|p2a: Snorlax|atk|1
|-boost|p2a: Snorlax|def|1
|
|-heal|p2a: Snorlax|97/100|[from] item: Leftovers
|upkeep
|turn|16
|
|t:|1728138239
|switch|p2a: Suicune|Suicune|100/100
|move|p1a: Claydol|Explosion|p2a: Suicune
|-damage|p2a: Suicune|32/100
|faint|p1a: Claydol
|
|t:|1728138255
|switch|p1a: Salamence|Salamence, F|1/100
|-ability|p1a: Salamence|Intimidate|boost
|-unboost|p2a: Suicune|atk|1
|
|-heal|p2a: Suicune|38/100|[from] item: Leftovers
|upkeep
|turn|17
|
|t:|1728138260
|move|p1a: Salamence|Hidden Power|p2a: Suicune
|-damage|p2a: Suicune|0 fnt
|faint|p2a: Suicune
|
|t:|1728138265
|switch|p2a: Snorlax|Snorlax, M|97/100
|
|-heal|p2a: Snorlax|100/100|[from] item: Leftovers
|upkeep
|turn|18
|
|t:|1728138279
|move|p1a: Salamence|Hidden Power|p2a: Snorlax
|-damage|p2a: Snorlax|52/100
|move|p2a: Snorlax|Curse|p2a: Snorlax
|-unboost|p2a: Snorlax|spe|1
|-boost|p2a: Snorlax|atk|1
|-boost|p2a: Snorlax|def|1
|
|-heal|p2a: Snorlax|58/100|[from] item: Leftovers
|upkeep
|turn|19
|
|t:|1728138283
|move|p1a: Salamence|Hidden Power|p2a: Snorlax
|-damage|p2a: Snorlax|27/100
|move|p2a: Snorlax|Shadow Ball|p1a: Salamence
|-damage|p1a: Salamence|0 fnt
|faint|p1a: Salamence
|
|t:|1728138301
|switch|p1a: Blissey|Blissey, F|54/100
|
|-heal|p1a: Blissey|60/100|[from] item: Leftovers
|-heal|p2a: Snorlax|33/100|[from] item: Leftovers
|upkeep
|turn|20
|
|t:|1728138312
|move|p1a: Blissey|Seismic Toss|p2a: Snorlax
|-damage|p2a: Snorlax|12/100
|move|p2a: Snorlax|Curse|p2a: Snorlax
|-unboost|p2a: Snorlax|spe|1
|-boost|p2a: Snorlax|atk|1
|-boost|p2a: Snorlax|def|1
|
|-heal|p1a: Blissey|66/100|[from] item: Leftovers
|-heal|p2a: Snorlax|18/100|[from] item: Leftovers
|upkeep
|turn|21
|
|t:|1728138317
|move|p1a: Blissey|Seismic Toss|p2a: Snorlax
|-damage|p2a: Snorlax|0 fnt
|faint|p2a: Snorlax
|
|t:|1728138319
|switch|p2a: Celebi|Celebi|69/100
|
|-heal|p2a: Celebi|75/100|[from] item: Leftovers
|-heal|p1a: Blissey|72/100|[from] item: Leftovers
|upkeep
|turn|22
|
|t:|1728138328
|move|p2a: Celebi|Leech Seed|p1a: Blissey
|-start|p1a: Blissey|move: Leech Seed
|move|p1a: Blissey|Wish|p1a: Blissey
|
|-heal|p2a: Celebi|82/100|[from] item: Leftovers
|-heal|p1a: Blissey|78/100|[from] item: Leftovers
|-damage|p1a: Blissey|66/100|[from] Leech Seed|[of] p2a: Celebi
|-heal|p2a: Celebi|100/100|[silent]
|upkeep
|turn|23
|
|t:|1728138331
|switch|p1a: Magneton|Magneton|63/100
|move|p2a: Celebi|Calm Mind|p2a: Celebi
|-boost|p2a: Celebi|spa|1
|-boost|p2a: Celebi|spd|1
|
|-heal|p1a: Magneton|100/100|[from] move: Wish|[wisher] Blissey
|upkeep
|turn|24
|
|t:|1728138334
|move|p2a: Celebi|Calm Mind|p2a: Celebi
|-boost|p2a: Celebi|spa|1
|-boost|p2a: Celebi|spd|1
|move|p1a: Magneton|Toxic|p2a: Celebi
|-status|p2a: Celebi|tox
|
|-damage|p2a: Celebi|94/100 tox|[from] psn
|upkeep
|turn|25
|
|t:|1728138339
|move|p2a: Celebi|Calm Mind|p2a: Celebi
|-boost|p2a: Celebi|spa|1
|-boost|p2a: Celebi|spd|1
|move|p1a: Magneton|Hidden Power|p2a: Celebi
|-supereffective|p2a: Celebi
|-damage|p2a: Celebi|75/100 tox
|
|-heal|p2a: Celebi|81/100 tox|[from] item: Leftovers
|-damage|p2a: Celebi|69/100 tox|[from] psn
|upkeep
|turn|26
|c|☆Msousagamer|Lol Gg
|
|t:|1728138343
|move|p2a: Celebi|Psychic|p1a: Magneton
|-resisted|p1a: Magneton
|-damage|p1a: Magneton|13/100
|-unboost|p1a: Magneton|spd|1
|move|p1a: Magneton|Hidden Power|p2a: Celebi
|-supereffective|p2a: Celebi
|-damage|p2a: Celebi|50/100 tox
|
|-heal|p2a: Celebi|56/100 tox|[from] item: Leftovers
|-damage|p2a: Celebi|38/100 tox|[from] psn
|upkeep
|turn|27
|c|☆thestonewallsmith|gg geat games 
|
|t:|1728138353
|move|p2a: Celebi|Giga Drain|p1a: Magneton
|-resisted|p1a: Magneton
|-damage|p1a: Magneton|0 fnt
|-heal|p2a: Celebi|42/100 tox|[from] drain|[of] p1a: Magneton
|faint|p1a: Magneton
|
|t:|1728138355
|switch|p1a: Blissey|Blissey, F|66/100
|
|-heal|p2a: Celebi|48/100 tox|[from] item: Leftovers
|-damage|p2a: Celebi|23/100 tox|[from] psn
|-heal|p1a: Blissey|72/100|[from] item: Leftovers
|upkeep
|turn|28
|
|t:|1728138360
|move|p2a: Celebi|Leech Seed|p1a: Blissey
|-start|p1a: Blissey|move: Leech Seed
|move|p1a: Blissey|Soft-Boiled|p1a: Blissey
|-heal|p1a: Blissey|100/100
|
|-heal|p2a: Celebi|29/100 tox|[from] item: Leftovers
|-damage|p2a: Celebi|0 fnt|[from] psn
|faint|p2a: Celebi
|
|win|thestonewallsmith
|upkeep
|c|☆thestonewallsmith|good luck with the later rounds 
|c|☆Msousagamer|Same 2 u
|player|p1|
|player|p1|thestonewallsmith|169|
|player|p2|

</script>
<script type="application/json" class="data" id="replaydata-smogtours-gen3ou-794933">
{"id":"smogtours-gen3ou-794933","format":"[Gen 3] OU","players":["thestonewallsmith","Msousagamer"],"uploadtime":1728138360,"views":120,"formatid":"gen3ou","rating":null,"private":0,"password":null}
</script>

<script defer src="js/replays.js?9d40a366"></script>
