<!DOCTYPE html>
<meta charset="utf-8" />
<meta name="viewport" content="width=device-width" />

<title>[Gen 3] OU: Klird vs. gorditoconbigote - Replays - Pok&eacute;mon Showdown!</title>

<meta name="description" content="Watch a replay of a Pok&eacute;mon battle between Klird and gorditoconbigote! Format: [Gen 3] OU; Date: Oct 15, 2024" />
<!--

Hey, you! Looking in the source for the replay log?

You can find them in JSON format, just add `.json` at the end of a replay URL.

https://replay.pokemonshowdown.com/gen7randomdoublesbattle-865046831.json

Or, if you only need the log itself, add `.log` instead:

https://replay.pokemonshowdown.com/gen7randomdoublesbattle-865046831.log

-->

<link rel="stylesheet" href="//pokemonshowdown.com/style/global.css?0.023195364461161105" />
<link rel="stylesheet" href="//play.pokemonshowdown.com/style/font-awesome.css?0.13261647063804238" />
<link rel="stylesheet" href="//play.pokemonshowdown.com/style/battle.css?0.8753245789963631" />
<link rel="stylesheet" href="//play.pokemonshowdown.com/style/utilichart.css?0.8627959624976733" />

<!-- Global site tag (gtag.js) - Google Analytics -->
<script async src="https://www.googletagmanager.com/gtag/js?id=UA-26211653-1"></script>
<script>
  window.dataLayer = window.dataLayer || [];
  function gtag(){dataLayer.push(arguments);}
  gtag('js', new Date());

  gtag('config', 'UA-26211653-1');
</script>
<!-- End Google Analytics -->
<!-- Venatus Ad Manager - Install in <HEAD> of page -->
	<script src="https://hb.vntsm.com/v3/live/ad-manager.min.js" type="text/javascript" data-site-id="642aba63ec9a7b11c3c9c1be" data-mode="scan" async></script>
<!-- / Venatus Ad Manager -->

<style>
	@media (max-width:820px) {
		.battle {
			margin: 0 auto;
		}
		.battle-log {
			margin: 7px auto 0;
			max-width: 640px;
			height: 300px;
			position: static;
		}
	}
	.optgroup {
		display: inline-block;
		line-height: 22px;
		font-size: 10pt;
	}
	.optgroup .button {
		height: 25px;
		padding-top: 0;
		padding-bottom: 0;
	}
	.optgroup button.button {
		padding-left: 12px;
		padding-right: 12px;
	}
	.linklist {
		list-style: none;
		margin: 0.5em 0;
		padding: 0;
	}
	.linklist li {
		padding: 2px 0;
	}
	.sidebar {
		float: left;
		width: 320px;
	}
	.bar-wrapper {
		max-width: 1100px;
		margin: 0 auto;
	}
	.bar-wrapper.has-sidebar {
		max-width: 1430px;
	}
	.mainbar {
		margin: 0;
		padding-right: 1px;
	}
	.mainbar.has-sidebar {
		margin-left: 330px;
	}
	@media (min-width: 1511px) {
		.sidebar {
			width: 400px;
		}
		.bar-wrapper.has-sidebar {
			max-width: 1510px;
		}
		.mainbar.has-sidebar {
			margin-left: 410px;
		}
	}
	.section.first-section {
		margin-top: 9px;
	}
	.blocklink small {
		white-space: normal;
	}
	.button {
		vertical-align: middle;
	}
	.replay-controls {
		padding-top: 10px;
	}
	.replay-controls h1 {
		font-size: 16pt;
		font-weight: normal;
		color: #CCC;
	}
	.pagelink {
		text-align: center;
	}
	.pagelink a {
		width: 150px;
	}
	.textbox, .button {
		font-size: 11pt;
		vertical-align: middle;
	}
	@media (max-width: 450px) {
		.button {
			font-size: 9pt;
		}
	}
</style>

<div>

	<header>
		<div class="nav-wrapper"><ul class="nav">
			<li><a class="button nav-first" href="//pokemonshowdown.com/"><img src="//pokemonshowdown.com/images/pokemonshowdownbeta.png" srcset="//pokemonshowdown.com/images/pokemonshowdownbeta.png 1x, //pokemonshowdown.com/images/pokemonshowdownbeta@2x.png 2x" alt="Pok&eacute;mon Showdown" width="146" height="44" /> Home</a></li>
			<li><a class="button" href="//pokemonshowdown.com/dex/">Pok&eacute;dex</a></li>
			<li><a class="button cur" href="/">Replays</a></li>
			<li><a class="button" href="//pokemonshowdown.com/ladder/">Ladder</a></li>
			<li><a class="button nav-last" href="//pokemonshowdown.com/forums/">Forum</a></li>
			<li><a class="button greenbutton nav-first nav-last" href="//play.pokemonshowdown.com/">Play</a></li>
		</ul></div>
	</header>

	<div class="main" id="main">

		<noscript><section class="section">You need to enable JavaScript to use this page; sorry!</section></noscript>

	</div>

</div>

<script defer nomodule src="//play.pokemonshowdown.com/js/lib/ps-polyfill.js"></script>
<script defer src="//play.pokemonshowdown.com/js/lib/preact.min.js"></script>

<script defer src="//play.pokemonshowdown.com/config/config.js?2bddbc15"></script>
<script defer src="//play.pokemonshowdown.com/js/lib/jquery-1.11.0.min.js"></script>
<script defer src="//play.pokemonshowdown.com/js/lib/html-sanitizer-minified.js"></script>
<script defer src="//play.pokemonshowdown.com/js/battle-sound.js"></script>
<script defer src="//play.pokemonshowdown.com/js/battledata.js?0.7209276989879541"></script>
<script defer src="//play.pokemonshowdown.com/data/pokedex-mini.js?0.6111056340867951"></script>
<script defer src="//play.pokemonshowdown.com/data/pokedex-mini-bw.js?0.3532142036491459"></script>
<script defer src="//play.pokemonshowdown.com/data/graphics.js?0.24223875632456182"></script>
<script defer src="//play.pokemonshowdown.com/data/pokedex.js?0.38839984266356864"></script>
<script defer src="//play.pokemonshowdown.com/data/moves.js?0.21866028504024015"></script>
<script defer src="//play.pokemonshowdown.com/data/abilities.js?0.2005157953846628"></script>
<script defer src="//play.pokemonshowdown.com/data/items.js?0.9894211263848525"></script>
<script defer src="//play.pokemonshowdown.com/data/teambuilder-tables.js?0.6008791140282215"></script>
<script defer src="//play.pokemonshowdown.com/js/battle-tooltips.js?0.7580118955022959"></script>
<script defer src="//play.pokemonshowdown.com/js/battle.js?0.6057722274234274"></script>

<script defer src="js/utils.js?e31f9a17"></script>
<script defer src="js/replays-battle.js?7008c182"></script>

<!-- don't scrape this data! just add .json or .log after the URL!
Full API docs: https://github.com/smogon/pokemon-showdown-client/blob/master/WEB-API.md -->
<script type="text/plain" class="log" id="replaylog-smogtours-gen3ou-798915">
|inactive|Battle timer is ON: inactive players will automatically lose when time's up.
|t:|1729011862
|gametype|singles
|player|p1|Klird|102|
|player|p2|gorditoconbigote|2|
|teamsize|p1|6
|teamsize|p2|6
|gen|3
|tier|[Gen 3] OU
|rule|Sleep Clause Mod: Limit one foe put to sleep
|rule|Switch Priority Clause Mod: Faster Pokémon switch first
|rule|Species Clause: Limit one of each Pokémon
|rule|OHKO Clause: OHKO moves are banned
|rule|Evasion Items Clause: Evasion items are banned
|rule|Evasion Moves Clause: Evasion moves are banned
|rule|Endless Battle Clause: Forcing endless battles is banned
|rule|HP Percentage Mod: HP is shown in percentages
|rule|One Boost Passer Clause: Limit one Baton Passer that has a way to boost its stats
|rule|Freeze Clause Mod: Limit one foe frozen
|
|t:|1729011862
|start
|switch|p1a: Tyranitar|Tyranitar, M, shiny|100/100
|switch|p2a: Zapdos|Zapdos|100/100
|-weather|Sandstorm|[from] ability: Sand Stream|[of] p1a: Tyranitar
|turn|1
|c|☆Klird|gl hf
|c|☆gorditoconbigote|glhf!
|
|t:|1729011887
|switch|p2a: Swampert|Swampert, F|100/100
|move|p1a: Tyranitar|Rock Slide|p2a: Swampert|[miss]
|-miss|p1a: Tyranitar|p2a: Swampert
|
|-weather|Sandstorm|[upkeep]
|upkeep
|turn|2
|inactive|Klird has 270 seconds left.
|inactive|gorditoconbigote has 270 seconds left.
|inactive|gorditoconbigote has 240 seconds left.
|inactive|Klird has 240 seconds left.
|
|t:|1729011970
|switch|p1a: Skarmory|Skarmory, M|100/100
|move|p2a: Swampert|Hydro Pump|p1a: Skarmory
|-damage|p1a: Skarmory|43/100
|
|-weather|Sandstorm|[upkeep]
|-heal|p1a: Skarmory|49/100|[from] item: Leftovers
|upkeep
|turn|3
|
|t:|1729011981
|switch|p1a: Genaro|Gengar, F, shiny|100/100
|move|p2a: Swampert|Hydro Pump|p1a: Genaro
|-damage|p1a: Genaro|35/100
|
|-weather|Sandstorm|[upkeep]
|-damage|p1a: Genaro|29/100|[from] Sandstorm
|-heal|p1a: Genaro|35/100|[from] item: Leftovers
|upkeep
|turn|4
|
|t:|1729012011
|switch|p2a: Zapdos|Zapdos|100/100
|move|p1a: Genaro|Giga Drain|p2a: Zapdos
|-resisted|p2a: Zapdos
|-damage|p2a: Zapdos|93/100
|-heal|p1a: Genaro|40/100|[from] drain|[of] p2a: Zapdos
|
|-weather|Sandstorm|[upkeep]
|-damage|p1a: Genaro|34/100|[from] Sandstorm
|-damage|p2a: Zapdos|87/100|[from] Sandstorm
|-heal|p1a: Genaro|40/100|[from] item: Leftovers
|-heal|p2a: Zapdos|93/100|[from] item: Leftovers
|upkeep
|turn|5
|inactive|Klird has 240 seconds left.
|
|t:|1729012018
|switch|p1a: Andrea Pirlo|Blissey, F, shiny|100/100
|move|p2a: Zapdos|Thunderbolt|p1a: Andrea Pirlo
|-damage|p1a: Andrea Pirlo|85/100
|
|-weather|Sandstorm|[upkeep]
|-damage|p2a: Zapdos|87/100|[from] Sandstorm
|-damage|p1a: Andrea Pirlo|79/100|[from] Sandstorm
|-heal|p2a: Zapdos|93/100|[from] item: Leftovers
|-heal|p1a: Andrea Pirlo|85/100|[from] item: Leftovers
|upkeep
|turn|6
|inactive|Klird has 240 seconds left.
|
|t:|1729012033
|switch|p2a: Snorlax|Snorlax, F|100/100
|move|p1a: Andrea Pirlo|Flamethrower|p2a: Snorlax
|-damage|p2a: Snorlax|86/100
|
|-weather|Sandstorm|[upkeep]
|-damage|p1a: Andrea Pirlo|79/100|[from] Sandstorm
|-damage|p2a: Snorlax|80/100|[from] Sandstorm
|-heal|p1a: Andrea Pirlo|85/100|[from] item: Leftovers
|-heal|p2a: Snorlax|86/100|[from] item: Leftovers
|upkeep
|turn|7
|inactive|Klird has 240 seconds left.
|
|t:|1729012049
|switch|p1a: Skarmory|Skarmory, M|49/100
|switch|p2a: Breloom|Breloom, M|100/100
|
|-weather|Sandstorm|[upkeep]
|-damage|p2a: Breloom|94/100|[from] Sandstorm
|-heal|p2a: Breloom|100/100|[from] item: Leftovers
|-heal|p1a: Skarmory|55/100|[from] item: Leftovers
|upkeep
|turn|8
|inactive|Klird has 240 seconds left.
|
|t:|1729012072
|switch|p1a: Swampert|Swampert, M|100/100
|move|p2a: Breloom|Spore|p1a: Swampert
|-status|p1a: Swampert|slp|[from] move: Spore
|
|-weather|Sandstorm|[upkeep]
|-damage|p2a: Breloom|94/100|[from] Sandstorm
|-heal|p2a: Breloom|100/100|[from] item: Leftovers
|upkeep
|turn|9
|
|t:|1729012090
|-singleturn|p2a: Breloom|move: Focus Punch
|switch|p1a: Neymar|Starmie|100/100
|move|p2a: Breloom|Focus Punch|p1a: Neymar
|-resisted|p1a: Neymar
|-damage|p1a: Neymar|40/100
|
|-weather|Sandstorm|[upkeep]
|-damage|p1a: Neymar|34/100|[from] Sandstorm
|-damage|p2a: Breloom|94/100|[from] Sandstorm
|-heal|p1a: Neymar|40/100|[from] item: Leftovers
|-heal|p2a: Breloom|100/100|[from] item: Leftovers
|upkeep
|turn|10
|c|☆gorditoconbigote|cool names
|c|☆Klird|thx
|inactive|Klird has 210 seconds left.
|
|t:|1729012126
|switch|p2a: Snorlax|Snorlax, F|86/100
|move|p1a: Neymar|Ice Beam|p2a: Snorlax
|-damage|p2a: Snorlax|71/100
|
|-weather|Sandstorm|[upkeep]
|-damage|p1a: Neymar|34/100|[from] Sandstorm
|-damage|p2a: Snorlax|65/100|[from] Sandstorm
|-heal|p1a: Neymar|40/100|[from] item: Leftovers
|-heal|p2a: Snorlax|71/100|[from] item: Leftovers
|upkeep
|turn|11
|
|t:|1729012149
|switch|p1a: Genaro|Gengar, F, shiny|40/100
|move|p2a: Snorlax|Double-Edge|p1a: Genaro
|-immune|p1a: Genaro
|
|-weather|Sandstorm|[upkeep]
|-damage|p1a: Genaro|34/100|[from] Sandstorm
|-damage|p2a: Snorlax|65/100|[from] Sandstorm
|-heal|p1a: Genaro|40/100|[from] item: Leftovers
|-heal|p2a: Snorlax|71/100|[from] item: Leftovers
|upkeep
|turn|12
|
|t:|1729012158
|switch|p1a: Skarmory|Skarmory, M|55/100
|switch|p2a: Tyranitar|Tyranitar, F|100/100
|
|-weather|Sandstorm|[upkeep]
|-heal|p1a: Skarmory|61/100|[from] item: Leftovers
|upkeep
|turn|13
|
|t:|1729012173
|move|p1a: Skarmory|Spikes|p2a: Tyranitar
|-sidestart|p2: gorditoconbigote|Spikes
|move|p2a: Tyranitar|Fire Blast|p1a: Skarmory
|-supereffective|p1a: Skarmory
|-damage|p1a: Skarmory|0 fnt
|faint|p1a: Skarmory
|inactive|Klird has 180 seconds left.
|
|t:|1729012206
|switch|p1a: Andrea Pirlo|Blissey, F, shiny|85/100
|
|-weather|Sandstorm|[upkeep]
|-damage|p1a: Andrea Pirlo|79/100|[from] Sandstorm
|-heal|p1a: Andrea Pirlo|85/100|[from] item: Leftovers
|upkeep
|turn|14
|
|t:|1729012215
|move|p2a: Tyranitar|Brick Break|p1a: Andrea Pirlo
|-supereffective|p1a: Andrea Pirlo
|-damage|p1a: Andrea Pirlo|39/100
|move|p1a: Andrea Pirlo|Flamethrower|p2a: Tyranitar
|-resisted|p2a: Tyranitar
|-damage|p2a: Tyranitar|91/100
|
|-weather|Sandstorm|[upkeep]
|-damage|p1a: Andrea Pirlo|33/100|[from] Sandstorm
|-heal|p2a: Tyranitar|97/100|[from] item: Leftovers
|-heal|p1a: Andrea Pirlo|39/100|[from] item: Leftovers
|upkeep
|turn|15
|inactive|Klird has 180 seconds left.
|
|t:|1729012228
|switch|p1a: Neymar|Starmie|40/100
|move|p2a: Tyranitar|Brick Break|p1a: Neymar
|-resisted|p1a: Neymar
|-crit|p1a: Neymar
|-damage|p1a: Neymar|5/100
|
|-weather|Sandstorm|[upkeep]
|-damage|p1a: Neymar|0 fnt|[from] Sandstorm
|faint|p1a: Neymar
|-heal|p2a: Tyranitar|100/100|[from] item: Leftovers
|upkeep
|
|t:|1729012255
|switch|p1a: Tyranitar|Tyranitar, M, shiny|100/100
|turn|16
|
|t:|1729012259
|switch|p2a: Swampert|Swampert, F|100/100
|-damage|p2a: Swampert|88/100|[from] Spikes
|move|p1a: Tyranitar|Dragon Dance|p1a: Tyranitar
|-boost|p1a: Tyranitar|atk|1
|-boost|p1a: Tyranitar|spe|1
|
|-weather|Sandstorm|[upkeep]
|-heal|p2a: Swampert|94/100|[from] item: Leftovers
|upkeep
|turn|17
|
|t:|1729012267
|move|p1a: Tyranitar|Earthquake|p2a: Swampert
|-damage|p2a: Swampert|47/100
|move|p2a: Swampert|Earthquake|p1a: Tyranitar
|-supereffective|p1a: Tyranitar
|-damage|p1a: Tyranitar|44/100
|
|-weather|Sandstorm|[upkeep]
|-heal|p1a: Tyranitar|50/100|[from] item: Leftovers
|-heal|p2a: Swampert|53/100|[from] item: Leftovers
|upkeep
|turn|18
|inactive|gorditoconbigote has 270 seconds left.
|
|t:|1729012276
|move|p1a: Tyranitar|Rock Slide|p2a: Swampert|[miss]
|-miss|p1a: Tyranitar|p2a: Swampert
|move|p2a: Swampert|Earthquake|p1a: Tyranitar
|-supereffective|p1a: Tyranitar
|-damage|p1a: Tyranitar|0 fnt
|faint|p1a: Tyranitar
|
|t:|1729012278
|switch|p1a: Genaro|Gengar, F, shiny|40/100
|
|-weather|Sandstorm|[upkeep]
|-damage|p1a: Genaro|34/100|[from] Sandstorm
|-heal|p1a: Genaro|40/100|[from] item: Leftovers
|-heal|p2a: Swampert|59/100|[from] item: Leftovers
|upkeep
|turn|19
|inactive|gorditoconbigote has 270 seconds left.
|inactive|gorditoconbigote has 240 seconds left.
|inactive|Klird has 180 seconds left.
|
|t:|1729012351
|-singleturn|p1a: Genaro|move: Focus Punch
|switch|p2a: Breloom|Breloom, M|100/100
|-damage|p2a: Breloom|88/100|[from] Spikes
|move|p1a: Genaro|Focus Punch|p2a: Breloom
|-damage|p2a: Breloom|51/100
|
|-weather|Sandstorm|[upkeep]
|-damage|p1a: Genaro|34/100|[from] Sandstorm
|-damage|p2a: Breloom|45/100|[from] Sandstorm
|-heal|p1a: Genaro|40/100|[from] item: Leftovers
|-heal|p2a: Breloom|51/100|[from] item: Leftovers
|upkeep
|turn|20
|
|t:|1729012358
|-singleturn|p2a: Breloom|move: Focus Punch
|move|p1a: Genaro|Fire Punch|p2a: Breloom
|-supereffective|p2a: Breloom
|-damage|p2a: Breloom|0 fnt
|-status|p1a: Genaro|par|[from] ability: Effect Spore|[of] p2a: Breloom
|faint|p2a: Breloom
|
|t:|1729012363
|switch|p2a: Tyranitar|Tyranitar, F|100/100
|-damage|p2a: Tyranitar|88/100|[from] Spikes
|
|-weather|Sandstorm|[upkeep]
|-damage|p1a: Genaro|34/100 par|[from] Sandstorm
|-heal|p2a: Tyranitar|94/100|[from] item: Leftovers
|-heal|p1a: Genaro|40/100 par|[from] item: Leftovers
|upkeep
|turn|21
|inactive|gorditoconbigote has 240 seconds left.
|inactive|Klird has 180 seconds left.
|
|t:|1729012377
|-singleturn|p1a: Genaro|move: Focus Punch
|move|p2a: Tyranitar|Crunch|p1a: Genaro
|-supereffective|p1a: Genaro
|-damage|p1a: Genaro|0 fnt
|faint|p1a: Genaro
|inactive|Klird has 180 seconds left.
|
|t:|1729012385
|switch|p1a: Andrea Pirlo|Blissey, F, shiny|39/100
|
|-weather|Sandstorm|[upkeep]
|-damage|p1a: Andrea Pirlo|33/100|[from] Sandstorm
|-heal|p2a: Tyranitar|99/100|[from] item: Leftovers
|-heal|p1a: Andrea Pirlo|39/100|[from] item: Leftovers
|upkeep
|turn|22
|
|t:|1729012389
|move|p2a: Tyranitar|Brick Break|p1a: Andrea Pirlo
|-supereffective|p1a: Andrea Pirlo
|-damage|p1a: Andrea Pirlo|0 fnt
|faint|p1a: Andrea Pirlo
|
|t:|1729012391
|switch|p1a: Swampert|Swampert, M|100/100 slp
|
|-weather|Sandstorm|[upkeep]
|-heal|p2a: Tyranitar|100/100|[from] item: Leftovers
|upkeep
|turn|23
|c|☆Klird|gg
|
|t:|1729012396
|move|p2a: Tyranitar|Crunch|p1a: Swampert
|-damage|p1a: Swampert|66/100 slp
|cant|p1a: Swampert|slp
|
|-weather|Sandstorm|[upkeep]
|-heal|p1a: Swampert|72/100 slp|[from] item: Leftovers
|upkeep
|turn|24
|
|t:|1729012400
|move|p2a: Tyranitar|Crunch|p1a: Swampert
|-damage|p1a: Swampert|33/100 slp
|-unboost|p1a: Swampert|spd|1
|cant|p1a: Swampert|slp
|
|-weather|Sandstorm|[upkeep]
|-heal|p1a: Swampert|39/100 slp|[from] item: Leftovers
|upkeep
|turn|25
|
|t:|1729012407
|move|p2a: Tyranitar|Crunch|p1a: Swampert
|-damage|p1a: Swampert|0 fnt
|faint|p1a: Swampert
|
|win|gorditoconbigote
|c|☆gorditoconbigote|gg

</script>
<script type="application/json" class="data" id="replaydata-smogtours-gen3ou-798915">
{"id":"smogtours-gen3ou-798915","format":"[Gen 3] OU","players":["Klird","gorditoconbigote"],"uploadtime":1729012407,"views":143,"formatid":"gen3ou","rating":null,"private":0,"password":null}
</script>

<script defer src="js/replays.js?9d40a366"></script>
