<!DOCTYPE html>
<meta charset="utf-8" />
<meta name="viewport" content="width=device-width" />

<title>[Gen 3] OU: Forblaze On Em vs. celdanami - Replays - Pok&eacute;mon Showdown!</title>

<meta name="description" content="Watch a replay of a Pok&eacute;mon battle between Forblaze On Em and celdanami! Format: [Gen 3] OU; Date: Oct 17, 2024" />
<!--

Hey, you! Looking in the source for the replay log?

You can find them in JSON format, just add `.json` at the end of a replay URL.

https://replay.pokemonshowdown.com/gen7randomdoublesbattle-865046831.json

Or, if you only need the log itself, add `.log` instead:

https://replay.pokemonshowdown.com/gen7randomdoublesbattle-865046831.log

-->

<link rel="stylesheet" href="//pokemonshowdown.com/style/global.css?0.023195364461161105" />
<link rel="stylesheet" href="//play.pokemonshowdown.com/style/font-awesome.css?0.13261647063804238" />
<link rel="stylesheet" href="//play.pokemonshowdown.com/style/battle.css?0.8753245789963631" />
<link rel="stylesheet" href="//play.pokemonshowdown.com/style/utilichart.css?0.8627959624976733" />

<!-- Global site tag (gtag.js) - Google Analytics -->
<script async src="https://www.googletagmanager.com/gtag/js?id=UA-26211653-1"></script>
<script>
  window.dataLayer = window.dataLayer || [];
  function gtag(){dataLayer.push(arguments);}
  gtag('js', new Date());

  gtag('config', 'UA-26211653-1');
</script>
<!-- End Google Analytics -->
<!-- Venatus Ad Manager - Install in <HEAD> of page -->
	<script src="https://hb.vntsm.com/v3/live/ad-manager.min.js" type="text/javascript" data-site-id="642aba63ec9a7b11c3c9c1be" data-mode="scan" async></script>
<!-- / Venatus Ad Manager -->

<style>
	@media (max-width:820px) {
		.battle {
			margin: 0 auto;
		}
		.battle-log {
			margin: 7px auto 0;
			max-width: 640px;
			height: 300px;
			position: static;
		}
	}
	.optgroup {
		display: inline-block;
		line-height: 22px;
		font-size: 10pt;
	}
	.optgroup .button {
		height: 25px;
		padding-top: 0;
		padding-bottom: 0;
	}
	.optgroup button.button {
		padding-left: 12px;
		padding-right: 12px;
	}
	.linklist {
		list-style: none;
		margin: 0.5em 0;
		padding: 0;
	}
	.linklist li {
		padding: 2px 0;
	}
	.sidebar {
		float: left;
		width: 320px;
	}
	.bar-wrapper {
		max-width: 1100px;
		margin: 0 auto;
	}
	.bar-wrapper.has-sidebar {
		max-width: 1430px;
	}
	.mainbar {
		margin: 0;
		padding-right: 1px;
	}
	.mainbar.has-sidebar {
		margin-left: 330px;
	}
	@media (min-width: 1511px) {
		.sidebar {
			width: 400px;
		}
		.bar-wrapper.has-sidebar {
			max-width: 1510px;
		}
		.mainbar.has-sidebar {
			margin-left: 410px;
		}
	}
	.section.first-section {
		margin-top: 9px;
	}
	.blocklink small {
		white-space: normal;
	}
	.button {
		vertical-align: middle;
	}
	.replay-controls {
		padding-top: 10px;
	}
	.replay-controls h1 {
		font-size: 16pt;
		font-weight: normal;
		color: #CCC;
	}
	.pagelink {
		text-align: center;
	}
	.pagelink a {
		width: 150px;
	}
	.textbox, .button {
		font-size: 11pt;
		vertical-align: middle;
	}
	@media (max-width: 450px) {
		.button {
			font-size: 9pt;
		}
	}
</style>

<div>

	<header>
		<div class="nav-wrapper"><ul class="nav">
			<li><a class="button nav-first" href="//pokemonshowdown.com/"><img src="//pokemonshowdown.com/images/pokemonshowdownbeta.png" srcset="//pokemonshowdown.com/images/pokemonshowdownbeta.png 1x, //pokemonshowdown.com/images/pokemonshowdownbeta@2x.png 2x" alt="Pok&eacute;mon Showdown" width="146" height="44" /> Home</a></li>
			<li><a class="button" href="//pokemonshowdown.com/dex/">Pok&eacute;dex</a></li>
			<li><a class="button cur" href="/">Replays</a></li>
			<li><a class="button" href="//pokemonshowdown.com/ladder/">Ladder</a></li>
			<li><a class="button nav-last" href="//pokemonshowdown.com/forums/">Forum</a></li>
			<li><a class="button greenbutton nav-first nav-last" href="//play.pokemonshowdown.com/">Play</a></li>
		</ul></div>
	</header>

	<div class="main" id="main">

		<noscript><section class="section">You need to enable JavaScript to use this page; sorry!</section></noscript>

	</div>

</div>

<script defer nomodule src="//play.pokemonshowdown.com/js/lib/ps-polyfill.js"></script>
<script defer src="//play.pokemonshowdown.com/js/lib/preact.min.js"></script>

<script defer src="//play.pokemonshowdown.com/config/config.js?2bddbc15"></script>
<script defer src="//play.pokemonshowdown.com/js/lib/jquery-1.11.0.min.js"></script>
<script defer src="//play.pokemonshowdown.com/js/lib/html-sanitizer-minified.js"></script>
<script defer src="//play.pokemonshowdown.com/js/battle-sound.js"></script>
<script defer src="//play.pokemonshowdown.com/js/battledata.js?0.7209276989879541"></script>
<script defer src="//play.pokemonshowdown.com/data/pokedex-mini.js?0.6111056340867951"></script>
<script defer src="//play.pokemonshowdown.com/data/pokedex-mini-bw.js?0.3532142036491459"></script>
<script defer src="//play.pokemonshowdown.com/data/graphics.js?0.24223875632456182"></script>
<script defer src="//play.pokemonshowdown.com/data/pokedex.js?0.38839984266356864"></script>
<script defer src="//play.pokemonshowdown.com/data/moves.js?0.21866028504024015"></script>
<script defer src="//play.pokemonshowdown.com/data/abilities.js?0.2005157953846628"></script>
<script defer src="//play.pokemonshowdown.com/data/items.js?0.9894211263848525"></script>
<script defer src="//play.pokemonshowdown.com/data/teambuilder-tables.js?0.6008791140282215"></script>
<script defer src="//play.pokemonshowdown.com/js/battle-tooltips.js?0.7580118955022959"></script>
<script defer src="//play.pokemonshowdown.com/js/battle.js?0.6057722274234274"></script>

<script defer src="js/utils.js?e31f9a17"></script>
<script defer src="js/replays-battle.js?7008c182"></script>

<!-- don't scrape this data! just add .json or .log after the URL!
Full API docs: https://github.com/smogon/pokemon-showdown-client/blob/master/WEB-API.md -->
<script type="text/plain" class="log" id="replaylog-smogtours-gen3ou-799218">
|inactive|Battle timer is ON: inactive players will automatically lose when time's up.
|t:|1729126365
|gametype|singles
|player|p1|Forblaze On Em|169|
|player|p2|celdanami|102|
|teamsize|p1|6
|teamsize|p2|6
|gen|3
|tier|[Gen 3] OU
|rule|Sleep Clause Mod: Limit one foe put to sleep
|rule|Switch Priority Clause Mod: Faster Pokémon switch first
|rule|Species Clause: Limit one of each Pokémon
|rule|OHKO Clause: OHKO moves are banned
|rule|Evasion Items Clause: Evasion items are banned
|rule|Evasion Moves Clause: Evasion moves are banned
|rule|Endless Battle Clause: Forcing endless battles is banned
|rule|HP Percentage Mod: HP is shown in percentages
|rule|One Boost Passer Clause: Limit one Baton Passer that has a way to boost its stats
|rule|Freeze Clause Mod: Limit one foe frozen
|
|t:|1729126365
|start
|switch|p1a: Zapdos|Zapdos|100/100
|switch|p2a: Celebi|Celebi|100/100
|turn|1
|c|☆celdanami|glhf
|inactive|celdanami has 270 seconds left.
|
|t:|1729126396
|move|p1a: Zapdos|Toxic|p2a: Celebi
|-status|p2a: Celebi|tox
|move|p2a: Celebi|Calm Mind|p2a: Celebi
|-boost|p2a: Celebi|spa|1
|-boost|p2a: Celebi|spd|1
|
|-damage|p2a: Celebi|94/100 tox|[from] psn
|upkeep
|turn|2
|
|t:|1729126404
|move|p1a: Zapdos|Hidden Power|p2a: Celebi
|-supereffective|p2a: Celebi
|-damage|p2a: Celebi|69/100 tox
|move|p2a: Celebi|Calm Mind|p2a: Celebi
|-boost|p2a: Celebi|spa|1
|-boost|p2a: Celebi|spd|1
|
|-heal|p2a: Celebi|75/100 tox|[from] item: Leftovers
|-damage|p2a: Celebi|63/100 tox|[from] psn
|upkeep
|turn|3
|
|t:|1729126429
|move|p1a: Zapdos|Hidden Power|p2a: Celebi
|-supereffective|p2a: Celebi
|-damage|p2a: Celebi|43/100 tox
|move|p2a: Celebi|Baton Pass|p2a: Celebi
|inactive|celdanami has 270 seconds left.
|
|t:|1729126462
|-curestatus|p2a: Celebi|tox|[from] ability: Natural Cure
|switch|p2a: Alakazam|Alakazam, M|100/100|[from] Baton Pass
|
|upkeep
|turn|4
|
|t:|1729126466
|move|p2a: Alakazam|Psychic|p1a: Zapdos
|-damage|p1a: Zapdos|6/100
|move|p1a: Zapdos|Toxic|p2a: Alakazam
|-status|p2a: Alakazam|tox
|-status|p1a: Zapdos|psn|[from] ability: Synchronize|[of] p2a: Alakazam
|
|-damage|p2a: Alakazam|95/100 tox|[from] psn
|-heal|p1a: Zapdos|12/100 psn|[from] item: Leftovers
|-damage|p1a: Zapdos|0 fnt|[from] psn
|faint|p1a: Zapdos
|upkeep
|
|t:|1729126472
|switch|p1a: Metagross|Metagross|100/100
|turn|5
|
|t:|1729126475
|switch|p1a: Suicune|Suicune|100/100
|move|p2a: Alakazam|Fire Punch|p1a: Suicune
|-resisted|p1a: Suicune
|-damage|p1a: Suicune|79/100
|
|-heal|p2a: Alakazam|100/100 tox|[from] item: Leftovers
|-damage|p2a: Alakazam|89/100 tox|[from] psn
|-heal|p1a: Suicune|85/100|[from] item: Leftovers
|upkeep
|turn|6
|
|t:|1729126484
|move|p2a: Alakazam|Hidden Power|p1a: Suicune
|-supereffective|p1a: Suicune
|-damage|p1a: Suicune|0 fnt
|faint|p1a: Suicune
|
|t:|1729126489
|switch|p1a: Metagross|Metagross|100/100
|
|-heal|p2a: Alakazam|95/100 tox|[from] item: Leftovers
|-damage|p2a: Alakazam|77/100 tox|[from] psn
|upkeep
|turn|7
|
|t:|1729126498
|move|p2a: Alakazam|Fire Punch|p1a: Metagross
|-supereffective|p1a: Metagross
|-damage|p1a: Metagross|0 fnt
|faint|p1a: Metagross
|
|t:|1729126500
|switch|p1a: Salamence|Salamence, M|100/100
|-ability|p1a: Salamence|Intimidate|boost
|-unboost|p2a: Alakazam|atk|1
|
|-heal|p2a: Alakazam|83/100 tox|[from] item: Leftovers
|-damage|p2a: Alakazam|59/100 tox|[from] psn
|upkeep
|turn|8
|
|t:|1729126505
|move|p2a: Alakazam|Psychic|p1a: Salamence
|-damage|p1a: Salamence|12/100
|move|p1a: Salamence|Dragon Dance|p1a: Salamence
|-boost|p1a: Salamence|atk|1
|-boost|p1a: Salamence|spe|1
|
|-heal|p1a: Salamence|18/100|[from] item: Leftovers
|-heal|p2a: Alakazam|65/100 tox|[from] item: Leftovers
|-damage|p2a: Alakazam|35/100 tox|[from] psn
|upkeep
|turn|9
|
|t:|1729126516
|move|p1a: Salamence|Hidden Power|p2a: Alakazam
|-damage|p2a: Alakazam|0 fnt
|faint|p2a: Alakazam
|
|t:|1729126521
|switch|p2a: Swampert|Swampert, M|100/100
|
|-heal|p1a: Salamence|24/100|[from] item: Leftovers
|upkeep
|turn|10
|
|t:|1729126524
|move|p1a: Salamence|Hidden Power|p2a: Swampert
|-damage|p2a: Swampert|47/100
|move|p2a: Swampert|Ice Beam|p1a: Salamence
|-supereffective|p1a: Salamence
|-damage|p1a: Salamence|0 fnt
|faint|p1a: Salamence
|
|t:|1729126527
|switch|p1a: Raikou|Raikou|100/100
|
|-heal|p2a: Swampert|54/100|[from] item: Leftovers
|upkeep
|turn|11
|
|t:|1729126532
|move|p1a: Raikou|Substitute|p1a: Raikou
|-start|p1a: Raikou|Substitute
|-damage|p1a: Raikou|76/100
|move|p2a: Swampert|Earthquake|p1a: Raikou
|-supereffective|p1a: Raikou
|-end|p1a: Raikou|Substitute
|
|-heal|p1a: Raikou|82/100|[from] item: Leftovers
|-heal|p2a: Swampert|60/100|[from] item: Leftovers
|upkeep
|turn|12
|
|t:|1729126538
|move|p1a: Raikou|Hidden Power|p2a: Swampert
|-supereffective|p2a: Swampert
|-damage|p2a: Swampert|0 fnt
|faint|p2a: Swampert
|
|t:|1729126553
|switch|p2a: Celebi|Celebi|43/100
|
|-heal|p1a: Raikou|88/100|[from] item: Leftovers
|-heal|p2a: Celebi|49/100|[from] item: Leftovers
|upkeep
|turn|13
|
|t:|1729126557
|move|p1a: Raikou|Substitute|p1a: Raikou
|-start|p1a: Raikou|Substitute
|-damage|p1a: Raikou|63/100
|move|p2a: Celebi|Calm Mind|p2a: Celebi
|-boost|p2a: Celebi|spa|1
|-boost|p2a: Celebi|spd|1
|
|-heal|p1a: Raikou|69/100|[from] item: Leftovers
|-heal|p2a: Celebi|55/100|[from] item: Leftovers
|upkeep
|turn|14
|
|t:|1729126561
|move|p1a: Raikou|Calm Mind|p1a: Raikou
|-boost|p1a: Raikou|spa|1
|-boost|p1a: Raikou|spd|1
|move|p2a: Celebi|Calm Mind|p2a: Celebi
|-boost|p2a: Celebi|spa|1
|-boost|p2a: Celebi|spd|1
|
|-heal|p1a: Raikou|76/100|[from] item: Leftovers
|-heal|p2a: Celebi|61/100|[from] item: Leftovers
|upkeep
|turn|15
|
|t:|1729126563
|move|p1a: Raikou|Calm Mind|p1a: Raikou
|-boost|p1a: Raikou|spa|1
|-boost|p1a: Raikou|spd|1
|move|p2a: Celebi|Calm Mind|p2a: Celebi
|-boost|p2a: Celebi|spa|1
|-boost|p2a: Celebi|spd|1
|
|-heal|p1a: Raikou|82/100|[from] item: Leftovers
|-heal|p2a: Celebi|67/100|[from] item: Leftovers
|upkeep
|turn|16
|
|t:|1729126565
|move|p1a: Raikou|Calm Mind|p1a: Raikou
|-boost|p1a: Raikou|spa|1
|-boost|p1a: Raikou|spd|1
|move|p2a: Celebi|Calm Mind|p2a: Celebi
|-boost|p2a: Celebi|spa|1
|-boost|p2a: Celebi|spd|1
|
|-heal|p1a: Raikou|88/100|[from] item: Leftovers
|-heal|p2a: Celebi|74/100|[from] item: Leftovers
|upkeep
|turn|17
|
|t:|1729126567
|move|p1a: Raikou|Calm Mind|p1a: Raikou
|-boost|p1a: Raikou|spa|1
|-boost|p1a: Raikou|spd|1
|move|p2a: Celebi|Calm Mind|p2a: Celebi
|-boost|p2a: Celebi|spa|1
|-boost|p2a: Celebi|spd|1
|
|-heal|p1a: Raikou|94/100|[from] item: Leftovers
|-heal|p2a: Celebi|80/100|[from] item: Leftovers
|upkeep
|turn|18
|
|t:|1729126569
|move|p1a: Raikou|Calm Mind|p1a: Raikou
|-boost|p1a: Raikou|spa|1
|-boost|p1a: Raikou|spd|1
|move|p2a: Celebi|Calm Mind|p2a: Celebi
|-boost|p2a: Celebi|spa|1
|-boost|p2a: Celebi|spd|1
|
|-heal|p1a: Raikou|100/100|[from] item: Leftovers
|-heal|p2a: Celebi|86/100|[from] item: Leftovers
|upkeep
|turn|19
|
|t:|1729126571
|move|p1a: Raikou|Calm Mind|p1a: Raikou
|-boost|p1a: Raikou|spa|1
|-boost|p1a: Raikou|spd|1
|move|p2a: Celebi|Baton Pass|p2a: Celebi
|
|t:|1729126575
|switch|p2a: Regice|Regice|100/100|[from] Baton Pass
|
|upkeep
|turn|20
|
|t:|1729126578
|move|p1a: Raikou|Thunderbolt|p2a: Regice
|-damage|p2a: Regice|77/100
|move|p2a: Regice|Ice Beam|p1a: Raikou
|-end|p1a: Raikou|Substitute
|
|-heal|p2a: Regice|83/100|[from] item: Leftovers
|upkeep
|turn|21
|
|t:|1729126585
|move|p1a: Raikou|Substitute|p1a: Raikou
|-start|p1a: Raikou|Substitute
|-damage|p1a: Raikou|76/100
|move|p2a: Regice|Ice Beam|p1a: Raikou
|-end|p1a: Raikou|Substitute
|
|-heal|p1a: Raikou|82/100|[from] item: Leftovers
|-heal|p2a: Regice|89/100|[from] item: Leftovers
|upkeep
|turn|22
|
|t:|1729126589
|move|p1a: Raikou|Thunderbolt|p2a: Regice
|-damage|p2a: Regice|64/100
|move|p2a: Regice|Thunder Wave|p1a: Raikou
|-status|p1a: Raikou|par
|
|-heal|p2a: Regice|70/100|[from] item: Leftovers
|-heal|p1a: Raikou|88/100 par|[from] item: Leftovers
|upkeep
|turn|23
|
|t:|1729126597
|move|p2a: Regice|Ice Beam|p1a: Raikou
|-damage|p1a: Raikou|41/100 par
|move|p1a: Raikou|Thunderbolt|p2a: Regice
|-damage|p2a: Regice|46/100
|
|-heal|p2a: Regice|52/100|[from] item: Leftovers
|-heal|p1a: Raikou|47/100 par|[from] item: Leftovers
|upkeep
|turn|24
|
|t:|1729126604
|move|p2a: Regice|Ice Beam|p1a: Raikou
|-damage|p1a: Raikou|5/100 par
|move|p1a: Raikou|Thunderbolt|p2a: Regice
|-damage|p2a: Regice|29/100
|
|-heal|p2a: Regice|35/100|[from] item: Leftovers
|-heal|p1a: Raikou|11/100 par|[from] item: Leftovers
|upkeep
|turn|25
|
|t:|1729126609
|move|p2a: Regice|Ice Beam|p1a: Raikou
|-damage|p1a: Raikou|0 fnt
|faint|p1a: Raikou
|
|t:|1729126611
|switch|p1a: Dugtrio|Dugtrio, F|100/100
|
|-heal|p2a: Regice|41/100|[from] item: Leftovers
|upkeep
|turn|26
|
|t:|1729126628
|move|p1a: Dugtrio|Earthquake|p2a: Regice
|-crit|p2a: Regice
|-damage|p2a: Regice|0 fnt
|faint|p2a: Regice
|
|t:|1729126630
|switch|p2a: Gengar|Gengar, M|100/100
|
|upkeep
|turn|27
|
|t:|1729126639
|move|p1a: Dugtrio|Earthquake|p2a: Gengar
|-immune|p2a: Gengar
|move|p2a: Gengar|Ice Punch|p1a: Dugtrio
|-supereffective|p1a: Dugtrio
|-damage|p1a: Dugtrio|9/100
|
|upkeep
|turn|28
|
|t:|1729126645
|move|p1a: Dugtrio|Earthquake|p2a: Gengar
|-immune|p2a: Gengar
|move|p2a: Gengar|Ice Punch|p1a: Dugtrio
|-supereffective|p1a: Dugtrio
|-damage|p1a: Dugtrio|0 fnt
|faint|p1a: Dugtrio
|
|win|celdanami
|c|☆celdanami|gg
|player|p1|

</script>
<script type="application/json" class="data" id="replaydata-smogtours-gen3ou-799218">
{"id":"smogtours-gen3ou-799218","format":"[Gen 3] OU","players":["Forblaze On Em","celdanami"],"uploadtime":1729126645,"views":149,"formatid":"gen3ou","rating":null,"private":0,"password":null}
</script>

<script defer src="js/replays.js?9d40a366"></script>
