<!DOCTYPE html>
<meta charset="utf-8" />
<meta name="viewport" content="width=device-width" />

<title>[Gen 3] OU: a plague doc vs. Cakeconnesseur - Replays - Pok&eacute;mon Showdown!</title>

<meta name="description" content="Watch a replay of a Pok&eacute;mon battle between a plague doc and Cakeconnesseur! Format: [Gen 3] OU; Date: Oct 25, 2024" />
<!--

Hey, you! Looking in the source for the replay log?

You can find them in JSON format, just add `.json` at the end of a replay URL.

https://replay.pokemonshowdown.com/gen7randomdoublesbattle-865046831.json

Or, if you only need the log itself, add `.log` instead:

https://replay.pokemonshowdown.com/gen7randomdoublesbattle-865046831.log

-->

<link rel="stylesheet" href="//pokemonshowdown.com/style/global.css?0.023195364461161105" />
<link rel="stylesheet" href="//play.pokemonshowdown.com/style/font-awesome.css?0.13261647063804238" />
<link rel="stylesheet" href="//play.pokemonshowdown.com/style/battle.css?0.8753245789963631" />
<link rel="stylesheet" href="//play.pokemonshowdown.com/style/utilichart.css?0.8627959624976733" />

<!-- Global site tag (gtag.js) - Google Analytics -->
<script async src="https://www.googletagmanager.com/gtag/js?id=UA-26211653-1"></script>
<script>
  window.dataLayer = window.dataLayer || [];
  function gtag(){dataLayer.push(arguments);}
  gtag('js', new Date());

  gtag('config', 'UA-26211653-1');
</script>
<!-- End Google Analytics -->
<!-- Venatus Ad Manager - Install in <HEAD> of page -->
	<script src="https://hb.vntsm.com/v3/live/ad-manager.min.js" type="text/javascript" data-site-id="642aba63ec9a7b11c3c9c1be" data-mode="scan" async></script>
<!-- / Venatus Ad Manager -->

<style>
	@media (max-width:820px) {
		.battle {
			margin: 0 auto;
		}
		.battle-log {
			margin: 7px auto 0;
			max-width: 640px;
			height: 300px;
			position: static;
		}
	}
	.optgroup {
		display: inline-block;
		line-height: 22px;
		font-size: 10pt;
	}
	.optgroup .button {
		height: 25px;
		padding-top: 0;
		padding-bottom: 0;
	}
	.optgroup button.button {
		padding-left: 12px;
		padding-right: 12px;
	}
	.linklist {
		list-style: none;
		margin: 0.5em 0;
		padding: 0;
	}
	.linklist li {
		padding: 2px 0;
	}
	.sidebar {
		float: left;
		width: 320px;
	}
	.bar-wrapper {
		max-width: 1100px;
		margin: 0 auto;
	}
	.bar-wrapper.has-sidebar {
		max-width: 1430px;
	}
	.mainbar {
		margin: 0;
		padding-right: 1px;
	}
	.mainbar.has-sidebar {
		margin-left: 330px;
	}
	@media (min-width: 1511px) {
		.sidebar {
			width: 400px;
		}
		.bar-wrapper.has-sidebar {
			max-width: 1510px;
		}
		.mainbar.has-sidebar {
			margin-left: 410px;
		}
	}
	.section.first-section {
		margin-top: 9px;
	}
	.blocklink small {
		white-space: normal;
	}
	.button {
		vertical-align: middle;
	}
	.replay-controls {
		padding-top: 10px;
	}
	.replay-controls h1 {
		font-size: 16pt;
		font-weight: normal;
		color: #CCC;
	}
	.pagelink {
		text-align: center;
	}
	.pagelink a {
		width: 150px;
	}
	.textbox, .button {
		font-size: 11pt;
		vertical-align: middle;
	}
	@media (max-width: 450px) {
		.button {
			font-size: 9pt;
		}
	}
</style>

<div>

	<header>
		<div class="nav-wrapper"><ul class="nav">
			<li><a class="button nav-first" href="//pokemonshowdown.com/"><img src="//pokemonshowdown.com/images/pokemonshowdownbeta.png" srcset="//pokemonshowdown.com/images/pokemonshowdownbeta.png 1x, //pokemonshowdown.com/images/pokemonshowdownbeta@2x.png 2x" alt="Pok&eacute;mon Showdown" width="146" height="44" /> Home</a></li>
			<li><a class="button" href="//pokemonshowdown.com/dex/">Pok&eacute;dex</a></li>
			<li><a class="button cur" href="/">Replays</a></li>
			<li><a class="button" href="//pokemonshowdown.com/ladder/">Ladder</a></li>
			<li><a class="button nav-last" href="//pokemonshowdown.com/forums/">Forum</a></li>
			<li><a class="button greenbutton nav-first nav-last" href="//play.pokemonshowdown.com/">Play</a></li>
		</ul></div>
	</header>

	<div class="main" id="main">

		<noscript><section class="section">You need to enable JavaScript to use this page; sorry!</section></noscript>

	</div>

</div>

<script defer nomodule src="//play.pokemonshowdown.com/js/lib/ps-polyfill.js"></script>
<script defer src="//play.pokemonshowdown.com/js/lib/preact.min.js"></script>

<script defer src="//play.pokemonshowdown.com/config/config.js?2bddbc15"></script>
<script defer src="//play.pokemonshowdown.com/js/lib/jquery-1.11.0.min.js"></script>
<script defer src="//play.pokemonshowdown.com/js/lib/html-sanitizer-minified.js"></script>
<script defer src="//play.pokemonshowdown.com/js/battle-sound.js"></script>
<script defer src="//play.pokemonshowdown.com/js/battledata.js?0.7209276989879541"></script>
<script defer src="//play.pokemonshowdown.com/data/pokedex-mini.js?0.6111056340867951"></script>
<script defer src="//play.pokemonshowdown.com/data/pokedex-mini-bw.js?0.3532142036491459"></script>
<script defer src="//play.pokemonshowdown.com/data/graphics.js?0.24223875632456182"></script>
<script defer src="//play.pokemonshowdown.com/data/pokedex.js?0.38839984266356864"></script>
<script defer src="//play.pokemonshowdown.com/data/moves.js?0.21866028504024015"></script>
<script defer src="//play.pokemonshowdown.com/data/abilities.js?0.2005157953846628"></script>
<script defer src="//play.pokemonshowdown.com/data/items.js?0.9894211263848525"></script>
<script defer src="//play.pokemonshowdown.com/data/teambuilder-tables.js?0.6008791140282215"></script>
<script defer src="//play.pokemonshowdown.com/js/battle-tooltips.js?0.7580118955022959"></script>
<script defer src="//play.pokemonshowdown.com/js/battle.js?0.6057722274234274"></script>

<script defer src="js/utils.js?e31f9a17"></script>
<script defer src="js/replays-battle.js?7008c182"></script>

<!-- don't scrape this data! just add .json or .log after the URL!
Full API docs: https://github.com/smogon/pokemon-showdown-client/blob/master/WEB-API.md -->
<script type="text/plain" class="log" id="replaylog-smogtours-gen3ou-801927">
|inactive|Battle timer is ON: inactive players will automatically lose when time's up.
|t:|1729888799
|gametype|singles
|player|p1|a plague doc|#agplviblackpink|
|player|p2|Cakeconnesseur|lass-gen7|
|teamsize|p1|6
|teamsize|p2|6
|gen|3
|tier|[Gen 3] OU
|rule|Sleep Clause Mod: Limit one foe put to sleep
|rule|Switch Priority Clause Mod: Faster Pokémon switch first
|rule|Species Clause: Limit one of each Pokémon
|rule|OHKO Clause: OHKO moves are banned
|rule|Evasion Items Clause: Evasion items are banned
|rule|Evasion Moves Clause: Evasion moves are banned
|rule|Endless Battle Clause: Forcing endless battles is banned
|rule|HP Percentage Mod: HP is shown in percentages
|rule|One Boost Passer Clause: Limit one Baton Passer that has a way to boost its stats
|rule|Freeze Clause Mod: Limit one foe frozen
|
|t:|1729888799
|start
|switch|p1a: Tyranitar|Tyranitar, F|100/100
|switch|p2a: Suicune|Suicune|100/100
|-weather|Sandstorm|[from] ability: Sand Stream|[of] p1a: Tyranitar
|turn|1
|inactive|Cakeconnesseur also wants the timer to be on.
|c|☆a plague doc|hf
|c|☆Cakeconnesseur|hf
|inactive|a plague doc has 270 seconds left.
|inactive|Cakeconnesseur has 270 seconds left.
|
|t:|1729888853
|switch|p1a: Zapdos|Zapdos|100/100
|move|p2a: Suicune|Hydro Pump|p1a: Zapdos
|-damage|p1a: Zapdos|47/100
|
|-weather|Sandstorm|[upkeep]
|-damage|p1a: Zapdos|41/100|[from] Sandstorm
|-damage|p2a: Suicune|94/100|[from] Sandstorm
|-heal|p1a: Zapdos|47/100|[from] item: Leftovers
|-heal|p2a: Suicune|100/100|[from] item: Leftovers
|upkeep
|turn|2
|
|t:|1729888875
|switch|p2a: Snorlax|Snorlax, F|100/100
|move|p1a: Zapdos|Thunderbolt|p2a: Snorlax
|-crit|p2a: Snorlax
|-damage|p2a: Snorlax|40/100
|
|-weather|Sandstorm|[upkeep]
|-damage|p1a: Zapdos|41/100|[from] Sandstorm
|-damage|p2a: Snorlax|34/100|[from] Sandstorm
|-heal|p1a: Zapdos|47/100|[from] item: Leftovers
|-heal|p2a: Snorlax|40/100|[from] item: Leftovers
|upkeep
|turn|3
|
|t:|1729888888
|switch|p1a: Skarmory|Skarmory, F|100/100
|move|p2a: Snorlax|Body Slam|p1a: Skarmory
|-resisted|p1a: Skarmory
|-damage|p1a: Skarmory|83/100
|
|-weather|Sandstorm|[upkeep]
|-damage|p2a: Snorlax|34/100|[from] Sandstorm
|-heal|p1a: Skarmory|89/100|[from] item: Leftovers
|-heal|p2a: Snorlax|40/100|[from] item: Leftovers
|upkeep
|turn|4
|
|t:|1729888917
|switch|p2a: Magneton|Magneton|100/100
|move|p1a: Skarmory|Spikes|p2a: Magneton
|-sidestart|p2: Cakeconnesseur|Spikes
|
|-weather|Sandstorm|[upkeep]
|-heal|p1a: Skarmory|95/100|[from] item: Leftovers
|upkeep
|turn|5
|
|t:|1729888924
|move|p2a: Magneton|Thunderbolt|p1a: Skarmory
|-supereffective|p1a: Skarmory
|-damage|p1a: Skarmory|0 fnt
|faint|p1a: Skarmory
|inactive|a plague doc has 270 seconds left.
|
|t:|1729888970
|switch|p1a: Tyranitar|Tyranitar, F|100/100
|
|-weather|Sandstorm|[upkeep]
|upkeep
|turn|6
|
|t:|1729888987
|move|p2a: Magneton|Thunder Wave|p1a: Tyranitar
|-status|p1a: Tyranitar|par
|cant|p1a: Tyranitar|par
|
|-weather|Sandstorm|[upkeep]
|upkeep
|turn|7
|
|t:|1729889004
|switch|p2a: Heracross|Heracross, M|100/100
|-damage|p2a: Heracross|88/100|[from] Spikes
|cant|p1a: Tyranitar|par
|
|-weather|Sandstorm|[upkeep]
|-damage|p2a: Heracross|82/100|[from] Sandstorm
|upkeep
|turn|8
|inactive|a plague doc has 240 seconds left.
|inactive|Cakeconnesseur has 270 seconds left.
|inactive|a plague doc has 210 seconds left.
|
|t:|1729889067
|switch|p1a: Aerodactyl|Aerodactyl, M|100/100
|move|p2a: Heracross|Rock Slide|p1a: Aerodactyl
|-supereffective|p1a: Aerodactyl
|-damage|p1a: Aerodactyl|9/100
|
|-weather|Sandstorm|[upkeep]
|-damage|p2a: Heracross|76/100|[from] Sandstorm
|upkeep
|turn|9
|inactive|a plague doc has 210 seconds left.
|inactive|Cakeconnesseur has 240 seconds left.
|inactive|Cakeconnesseur has 210 seconds left.
|
|t:|1729889123
|switch|p2a: Magneton|Magneton|100/100
|-damage|p2a: Magneton|88/100|[from] Spikes
|move|p1a: Aerodactyl|Double-Edge|p2a: Magneton
|-resisted|p2a: Magneton
|-damage|p2a: Magneton|52/100
|
|-weather|Sandstorm|[upkeep]
|upkeep
|turn|10
|inactive|Cakeconnesseur has 210 seconds left.
|inactive|a plague doc has 210 seconds left.
|
|t:|1729889136
|switch|p1a: Swampert|Swampert, M|100/100
|move|p2a: Magneton|Thunderbolt|p1a: Swampert
|-immune|p1a: Swampert
|
|-weather|Sandstorm|[upkeep]
|upkeep
|turn|11
|inactive|Cakeconnesseur has 210 seconds left.
|inactive|a plague doc has 210 seconds left.
|
|t:|1729889168
|switch|p2a: Heracross|Heracross, M|76/100
|-damage|p2a: Heracross|64/100|[from] Spikes
|move|p1a: Swampert|Earthquake|p2a: Heracross
|-resisted|p2a: Heracross
|-damage|p2a: Heracross|37/100
|
|-weather|Sandstorm|[upkeep]
|-damage|p2a: Heracross|31/100|[from] Sandstorm
|upkeep
|turn|12
|
|t:|1729889185
|move|p2a: Heracross|Megahorn|p1a: Swampert
|-damage|p1a: Swampert|20/100
|move|p1a: Swampert|Hydro Pump|p2a: Heracross
|-damage|p2a: Heracross|0 fnt
|faint|p2a: Heracross
|inactive|Cakeconnesseur has 180 seconds left.
|
|t:|1729889198
|switch|p2a: Salamence|Salamence, F|100/100
|-ability|p2a: Salamence|Intimidate|boost
|-unboost|p1a: Swampert|atk|1
|
|-weather|Sandstorm|[upkeep]
|-damage|p2a: Salamence|94/100|[from] Sandstorm
|-heal|p2a: Salamence|100/100|[from] item: Leftovers
|-heal|p1a: Swampert|27/100|[from] item: Leftovers
|upkeep
|turn|13
|inactive|Cakeconnesseur has 180 seconds left.
|inactive|a plague doc has 210 seconds left.
|inactive|Cakeconnesseur has 150 seconds left.
|inactive|a plague doc has 180 seconds left.
|
|t:|1729889261
|move|p2a: Salamence|Dragon Claw|p1a: Swampert
|-damage|p1a: Swampert|0 fnt
|faint|p1a: Swampert
|
|t:|1729889265
|switch|p1a: Aerodactyl|Aerodactyl, M|9/100
|
|-weather|Sandstorm|[upkeep]
|-damage|p2a: Salamence|94/100|[from] Sandstorm
|-heal|p2a: Salamence|100/100|[from] item: Leftovers
|upkeep
|turn|14
|
|t:|1729889289
|switch|p2a: Magneton|Magneton|52/100
|-damage|p2a: Magneton|40/100|[from] Spikes
|move|p1a: Aerodactyl|Rock Slide|p2a: Magneton
|-resisted|p2a: Magneton
|-damage|p2a: Magneton|5/100
|
|-weather|Sandstorm|[upkeep]
|upkeep
|turn|15
|inactive|Cakeconnesseur has 120 seconds left.
|
|t:|1729889334
|switch|p2a: Metagross|Metagross|100/100
|-damage|p2a: Metagross|88/100|[from] Spikes
|move|p1a: Aerodactyl|Rock Slide|p2a: Metagross|[miss]
|-miss|p1a: Aerodactyl|p2a: Metagross
|
|-weather|Sandstorm|[upkeep]
|upkeep
|turn|16
|inactive|a plague doc has 210 seconds left.
|inactive|a plague doc has 180 seconds left.
|
|t:|1729889394
|switch|p1a: Tyranitar|Tyranitar, F|100/100 par
|move|p2a: Metagross|Meteor Mash|p1a: Tyranitar
|-supereffective|p1a: Tyranitar
|-damage|p1a: Tyranitar|0 fnt
|-boost|p2a: Metagross|atk|1
|faint|p1a: Tyranitar
|
|t:|1729889399
|switch|p1a: Zapdos|Zapdos|47/100
|
|-weather|Sandstorm|[upkeep]
|-damage|p1a: Zapdos|41/100|[from] Sandstorm
|-heal|p1a: Zapdos|47/100|[from] item: Leftovers
|upkeep
|turn|17
|
|t:|1729889413
|switch|p2a: Magneton|Magneton|5/100
|-damage|p2a: Magneton|0 fnt|[from] Spikes
|faint|p2a: Magneton
|
|t:|1729889418
|switch|p2a: Snorlax|Snorlax, F|40/100
|-damage|p2a: Snorlax|27/100|[from] Spikes
|
|-weather|Sandstorm|[upkeep]
|-damage|p1a: Zapdos|41/100|[from] Sandstorm
|-damage|p2a: Snorlax|21/100|[from] Sandstorm
|-heal|p1a: Zapdos|47/100|[from] item: Leftovers
|-heal|p2a: Snorlax|27/100|[from] item: Leftovers
|upkeep
|turn|18
|
|t:|1729889439
|move|p1a: Zapdos|Thunderbolt|p2a: Snorlax
|-damage|p2a: Snorlax|1/100
|move|p2a: Snorlax|Body Slam|p1a: Zapdos
|-damage|p1a: Zapdos|6/100
|-status|p1a: Zapdos|par
|
|-weather|Sandstorm|[upkeep]
|-damage|p2a: Snorlax|0 fnt|[from] Sandstorm
|-damage|p1a: Zapdos|0 fnt|[from] Sandstorm
|faint|p2a: Snorlax
|faint|p1a: Zapdos
|upkeep
|inactive|a plague doc has 150 seconds left.
|
|t:|1729889470
|switch|p1a: Aerodactyl|Aerodactyl, M|9/100
|switch|p2a: Suicune|Suicune|100/100
|-damage|p2a: Suicune|88/100|[from] Spikes
|turn|19
|inactive|a plague doc has 120 seconds left.
|
|t:|1729889506
|move|p1a: Aerodactyl|Rock Slide|p2a: Suicune
|-damage|p2a: Suicune|47/100
|move|p2a: Suicune|Ice Beam|p1a: Aerodactyl
|-supereffective|p1a: Aerodactyl
|-damage|p1a: Aerodactyl|0 fnt
|faint|p1a: Aerodactyl
|
|t:|1729889510
|switch|p1a: Celebi|Celebi|100/100
|
|-weather|Sandstorm|[upkeep]
|-damage|p1a: Celebi|94/100|[from] Sandstorm
|-damage|p2a: Suicune|41/100|[from] Sandstorm
|-heal|p1a: Celebi|100/100|[from] item: Leftovers
|-heal|p2a: Suicune|47/100|[from] item: Leftovers
|upkeep
|turn|20
|
|t:|1729889515
|move|p1a: Celebi|Giga Drain|p2a: Suicune
|-supereffective|p2a: Suicune
|-damage|p2a: Suicune|0 fnt
|faint|p2a: Suicune
|
|t:|1729889525
|switch|p2a: Metagross|Metagross|88/100
|-damage|p2a: Metagross|76/100|[from] Spikes
|
|-weather|Sandstorm|[upkeep]
|-damage|p1a: Celebi|94/100|[from] Sandstorm
|-heal|p1a: Celebi|100/100|[from] item: Leftovers
|upkeep
|turn|21
|
|t:|1729889529
|move|p1a: Celebi|Hidden Power|p2a: Metagross
|-supereffective|p2a: Metagross
|-damage|p2a: Metagross|22/100
|move|p2a: Metagross|Explosion|p1a: Celebi
|-damage|p1a: Celebi|0 fnt
|faint|p2a: Metagross
|faint|p1a: Celebi
|
|win|Cakeconnesseur
|c|☆a plague doc|ggs
|c|☆Cakeconnesseur|gg

</script>
<script type="application/json" class="data" id="replaydata-smogtours-gen3ou-801927">
{"id":"smogtours-gen3ou-801927","format":"[Gen 3] OU","players":["a plague doc","Cakeconnesseur"],"uploadtime":1729889529,"views":114,"formatid":"gen3ou","rating":null,"private":0,"password":null}
</script>

<script defer src="js/replays.js?9d40a366"></script>
