<!DOCTYPE html>
<meta charset="utf-8" />
<meta name="viewport" content="width=device-width" />

<title>[Gen 3] OU: SoyJosito vs. nicole7735 - Replays - Pok&eacute;mon Showdown!</title>

<meta name="description" content="Watch a replay of a Pok&eacute;mon battle between SoyJosito and nicole7735! Format: [Gen 3] OU; Date: Oct 4, 2024" />
<!--

Hey, you! Looking in the source for the replay log?

You can find them in JSON format, just add `.json` at the end of a replay URL.

https://replay.pokemonshowdown.com/gen7randomdoublesbattle-865046831.json

Or, if you only need the log itself, add `.log` instead:

https://replay.pokemonshowdown.com/gen7randomdoublesbattle-865046831.log

-->

<link rel="stylesheet" href="//pokemonshowdown.com/style/global.css?0.767286132409787" />
<link rel="stylesheet" href="//play.pokemonshowdown.com/style/font-awesome.css?0.9266228007934947" />
<link rel="stylesheet" href="//play.pokemonshowdown.com/style/battle.css?0.7924700842790926" />
<link rel="stylesheet" href="//play.pokemonshowdown.com/style/utilichart.css?0.8777417872839479" />

<!-- Global site tag (gtag.js) - Google Analytics -->
<script async src="https://www.googletagmanager.com/gtag/js?id=UA-26211653-1"></script>
<script>
  window.dataLayer = window.dataLayer || [];
  function gtag(){dataLayer.push(arguments);}
  gtag('js', new Date());

  gtag('config', 'UA-26211653-1');
</script>
<!-- End Google Analytics -->
<!-- Venatus Ad Manager - Install in <HEAD> of page -->
	<script src="https://hb.vntsm.com/v3/live/ad-manager.min.js" type="text/javascript" data-site-id="642aba63ec9a7b11c3c9c1be" data-mode="scan" async></script>
<!-- / Venatus Ad Manager -->

<style>
	@media (max-width:820px) {
		.battle {
			margin: 0 auto;
		}
		.battle-log {
			margin: 7px auto 0;
			max-width: 640px;
			height: 300px;
			position: static;
		}
	}
	.optgroup {
		display: inline-block;
		line-height: 22px;
		font-size: 10pt;
	}
	.optgroup .button {
		height: 25px;
		padding-top: 0;
		padding-bottom: 0;
	}
	.optgroup button.button {
		padding-left: 12px;
		padding-right: 12px;
	}
	.linklist {
		list-style: none;
		margin: 0.5em 0;
		padding: 0;
	}
	.linklist li {
		padding: 2px 0;
	}
	.sidebar {
		float: left;
		width: 320px;
	}
	.bar-wrapper {
		max-width: 1100px;
		margin: 0 auto;
	}
	.bar-wrapper.has-sidebar {
		max-width: 1430px;
	}
	.mainbar {
		margin: 0;
		padding-right: 1px;
	}
	.mainbar.has-sidebar {
		margin-left: 330px;
	}
	@media (min-width: 1511px) {
		.sidebar {
			width: 400px;
		}
		.bar-wrapper.has-sidebar {
			max-width: 1510px;
		}
		.mainbar.has-sidebar {
			margin-left: 410px;
		}
	}
	.section.first-section {
		margin-top: 9px;
	}
	.blocklink small {
		white-space: normal;
	}
	.button {
		vertical-align: middle;
	}
	.replay-controls {
		padding-top: 10px;
	}
	.replay-controls h1 {
		font-size: 16pt;
		font-weight: normal;
		color: #CCC;
	}
	.pagelink {
		text-align: center;
	}
	.pagelink a {
		width: 150px;
	}
	.textbox, .button {
		font-size: 11pt;
		vertical-align: middle;
	}
	@media (max-width: 450px) {
		.button {
			font-size: 9pt;
		}
	}
</style>

<div>

	<header>
		<div class="nav-wrapper"><ul class="nav">
			<li><a class="button nav-first" href="//pokemonshowdown.com/"><img src="//pokemonshowdown.com/images/pokemonshowdownbeta.png" srcset="//pokemonshowdown.com/images/pokemonshowdownbeta.png 1x, //pokemonshowdown.com/images/pokemonshowdownbeta@2x.png 2x" alt="Pok&eacute;mon Showdown" width="146" height="44" /> Home</a></li>
			<li><a class="button" href="//pokemonshowdown.com/dex/">Pok&eacute;dex</a></li>
			<li><a class="button cur" href="/">Replays</a></li>
			<li><a class="button" href="//pokemonshowdown.com/ladder/">Ladder</a></li>
			<li><a class="button nav-last" href="//pokemonshowdown.com/forums/">Forum</a></li>
			<li><a class="button greenbutton nav-first nav-last" href="//play.pokemonshowdown.com/">Play</a></li>
		</ul></div>
	</header>

	<div class="main" id="main">

		<noscript><section class="section">You need to enable JavaScript to use this page; sorry!</section></noscript>

	</div>

</div>

<script defer nomodule src="//play.pokemonshowdown.com/js/lib/ps-polyfill.js"></script>
<script defer src="//play.pokemonshowdown.com/js/lib/preact.min.js"></script>

<script defer src="//play.pokemonshowdown.com/config/config.js?6dec07f6"></script>
<script defer src="//play.pokemonshowdown.com/js/lib/jquery-1.11.0.min.js"></script>
<script defer src="//play.pokemonshowdown.com/js/lib/html-sanitizer-minified.js"></script>
<script defer src="//play.pokemonshowdown.com/js/battle-sound.js"></script>
<script defer src="//play.pokemonshowdown.com/js/battledata.js?0.6315294753075389"></script>
<script defer src="//play.pokemonshowdown.com/data/pokedex-mini.js?0.7603743185311358"></script>
<script defer src="//play.pokemonshowdown.com/data/pokedex-mini-bw.js?0.030888842834281283"></script>
<script defer src="//play.pokemonshowdown.com/data/graphics.js?0.05593094747507488"></script>
<script defer src="//play.pokemonshowdown.com/data/pokedex.js?0.47064822249611904"></script>
<script defer src="//play.pokemonshowdown.com/data/moves.js?0.8583693120512459"></script>
<script defer src="//play.pokemonshowdown.com/data/abilities.js?0.16017181182386842"></script>
<script defer src="//play.pokemonshowdown.com/data/items.js?0.4163379185673943"></script>
<script defer src="//play.pokemonshowdown.com/data/teambuilder-tables.js?0.31075597372830477"></script>
<script defer src="//play.pokemonshowdown.com/js/battle-tooltips.js?0.6536193500708172"></script>
<script defer src="//play.pokemonshowdown.com/js/battle.js?0.1916591943277901"></script>

<script defer src="js/utils.js?e31f9a17"></script>
<script defer src="js/replays-battle.js?7008c182"></script>

<!-- don't scrape this data! just add .json or .log after the URL!
Full API docs: https://github.com/smogon/pokemon-showdown-client/blob/master/WEB-API.md -->
<script type="text/plain" class="log" id="replaylog-smogtours-gen3ou-794751">
|inactive|Battle timer is ON: inactive players will automatically lose when time's up.
|t:|1728078292
|gametype|singles
|player|p1|SoyJosito|1|
|player|p2|nicole7735|lady-gen4|
|teamsize|p1|6
|teamsize|p2|6
|gen|3
|tier|[Gen 3] OU
|rule|Sleep Clause Mod: Limit one foe put to sleep
|rule|Switch Priority Clause Mod: Faster Pokémon switch first
|rule|Species Clause: Limit one of each Pokémon
|rule|OHKO Clause: OHKO moves are banned
|rule|Evasion Items Clause: Evasion items are banned
|rule|Evasion Moves Clause: Evasion moves are banned
|rule|Endless Battle Clause: Forcing endless battles is banned
|rule|HP Percentage Mod: HP is shown in percentages
|rule|One Boost Passer Clause: Limit one Baton Passer that has a way to boost its stats
|rule|Freeze Clause Mod: Limit one foe frozen
|
|t:|1728078292
|start
|switch|p1a: Skarmory|Skarmory, F|100/100
|switch|p2a: Tyranitar|Tyranitar, M|100/100
|-weather|Sandstorm|[from] ability: Sand Stream|[of] p2a: Tyranitar
|turn|1
|c|☆nicole7735|hf
|c|☆SoyJosito|Gl
|
|t:|1728078304
|move|p2a: Tyranitar|Thunder|p1a: Skarmory
|-supereffective|p1a: Skarmory
|-damage|p1a: Skarmory|36/100
|-status|p1a: Skarmory|par
|move|p1a: Skarmory|Spikes|p2a: Tyranitar
|-sidestart|p2: nicole7735|Spikes
|
|-weather|Sandstorm|[upkeep]
|-heal|p1a: Skarmory|42/100 par|[from] item: Leftovers
|upkeep
|turn|2
|c|☆SoyJosito|Sad
|inactive|SoyJosito has 270 seconds left.
|
|t:|1728078342
|switch|p1a: Blissey|Blissey, F, shiny|100/100
|move|p2a: Tyranitar|Ice Beam|p1a: Blissey
|-damage|p1a: Blissey|89/100
|
|-weather|Sandstorm|[upkeep]
|-damage|p1a: Blissey|83/100|[from] Sandstorm
|-heal|p1a: Blissey|89/100|[from] item: Leftovers
|upkeep
|turn|3
|inactive|SoyJosito has 270 seconds left.
|
|t:|1728078360
|move|p2a: Tyranitar|Brick Break|p1a: Blissey
|-supereffective|p1a: Blissey
|-damage|p1a: Blissey|39/100
|move|p1a: Blissey|Toxic|p2a: Tyranitar
|-status|p2a: Tyranitar|tox
|-enditem|p2a: Tyranitar|Lum Berry|[eat]
|-curestatus|p2a: Tyranitar|tox|[msg]
|
|-weather|Sandstorm|[upkeep]
|-damage|p1a: Blissey|33/100|[from] Sandstorm
|-heal|p1a: Blissey|39/100|[from] item: Leftovers
|upkeep
|turn|4
|
|t:|1728078371
|switch|p1a: Swampert|Swampert, F|100/100
|move|p2a: Tyranitar|Brick Break|p1a: Swampert
|-damage|p1a: Swampert|84/100
|
|-weather|Sandstorm|[upkeep]
|-heal|p1a: Swampert|90/100|[from] item: Leftovers
|upkeep
|turn|5
|
|t:|1728078386
|move|p2a: Tyranitar|Hidden Power|p1a: Swampert
|-supereffective|p1a: Swampert
|-damage|p1a: Swampert|14/100
|move|p1a: Swampert|Hydro Pump|p2a: Tyranitar
|-supereffective|p2a: Tyranitar
|-damage|p2a: Tyranitar|0 fnt
|faint|p2a: Tyranitar
|inactive|nicole7735 has 270 seconds left.
|
|t:|1728078420
|switch|p2a: Blissey|Blissey, F|100/100
|-damage|p2a: Blissey|88/100|[from] Spikes
|
|-weather|Sandstorm|[upkeep]
|-damage|p2a: Blissey|82/100|[from] Sandstorm
|-heal|p1a: Swampert|21/100|[from] item: Leftovers
|-heal|p2a: Blissey|88/100|[from] item: Leftovers
|upkeep
|turn|6
|c|☆SoyJosito|Strangest ttar i've ever seen
|
|t:|1728078432
|switch|p1a: Blissey|Blissey, F, shiny|39/100
|move|p2a: Blissey|Seismic Toss|p1a: Blissey
|-damage|p1a: Blissey|24/100
|
|-weather|Sandstorm|[upkeep]
|-damage|p1a: Blissey|17/100|[from] Sandstorm
|-damage|p2a: Blissey|82/100|[from] Sandstorm
|-heal|p2a: Blissey|88/100|[from] item: Leftovers
|-heal|p1a: Blissey|24/100|[from] item: Leftovers
|upkeep
|turn|7
|
|t:|1728078439
|switch|p2a: Cloyster|Cloyster, F|100/100
|-damage|p2a: Cloyster|88/100|[from] Spikes
|move|p1a: Blissey|Soft-Boiled|p1a: Blissey
|-heal|p1a: Blissey|73/100
|
|-weather|Sandstorm|[upkeep]
|-damage|p2a: Cloyster|82/100|[from] Sandstorm
|-damage|p1a: Blissey|67/100|[from] Sandstorm
|-heal|p2a: Cloyster|88/100|[from] item: Leftovers
|-heal|p1a: Blissey|73/100|[from] item: Leftovers
|upkeep
|turn|8
|inactive|SoyJosito has 270 seconds left.
|inactive|SoyJosito has 240 seconds left.
|
|t:|1728078476
|switch|p1a: Gengar|Gengar, F|100/100
|move|p2a: Cloyster|Spikes|p1a: Gengar
|-sidestart|p1: SoyJosito|Spikes
|
|-weather|Sandstorm|[upkeep]
|-damage|p1a: Gengar|95/100|[from] Sandstorm
|-damage|p2a: Cloyster|82/100|[from] Sandstorm
|-heal|p1a: Gengar|100/100|[from] item: Leftovers
|-heal|p2a: Cloyster|88/100|[from] item: Leftovers
|upkeep
|turn|9
|
|t:|1728078482
|switch|p2a: Blissey|Blissey, F|88/100
|-damage|p2a: Blissey|76/100|[from] Spikes
|move|p1a: Gengar|Thunderbolt|p2a: Blissey
|-damage|p2a: Blissey|65/100
|-status|p2a: Blissey|par
|
|-weather|Sandstorm|[upkeep]
|-damage|p1a: Gengar|95/100|[from] Sandstorm
|-damage|p2a: Blissey|59/100 par|[from] Sandstorm
|-heal|p1a: Gengar|100/100|[from] item: Leftovers
|-heal|p2a: Blissey|65/100 par|[from] item: Leftovers
|upkeep
|turn|10
|inactive|SoyJosito has 240 seconds left.
|
|t:|1728078512
|move|p1a: Gengar|Explosion|p2a: Blissey
|-damage|p2a: Blissey|0 fnt
|faint|p1a: Gengar
|faint|p2a: Blissey
|inactive|nicole7735 has 270 seconds left.
|
|t:|1728078545
|switch|p1a: Starmie|Starmie|100/100
|switch|p2a: Cloyster|Cloyster, F|88/100
|-damage|p1a: Starmie|88/100|[from] Spikes
|-damage|p2a: Cloyster|76/100|[from] Spikes
|
|-weather|Sandstorm|[upkeep]
|-damage|p1a: Starmie|82/100|[from] Sandstorm
|-damage|p2a: Cloyster|70/100|[from] Sandstorm
|-heal|p1a: Starmie|88/100|[from] item: Leftovers
|-heal|p2a: Cloyster|76/100|[from] item: Leftovers
|upkeep
|turn|11
|inactive|nicole7735 has 270 seconds left.
|inactive|SoyJosito has 210 seconds left.
|
|t:|1728078583
|move|p1a: Starmie|Thunderbolt|p2a: Cloyster
|-supereffective|p2a: Cloyster
|-damage|p2a: Cloyster|0 fnt
|faint|p2a: Cloyster
|
|t:|1728078587
|switch|p2a: Metagross|Metagross|100/100
|-damage|p2a: Metagross|88/100|[from] Spikes
|
|-weather|Sandstorm|[upkeep]
|-damage|p1a: Starmie|82/100|[from] Sandstorm
|-heal|p1a: Starmie|88/100|[from] item: Leftovers
|-heal|p2a: Metagross|94/100|[from] item: Leftovers
|upkeep
|turn|12
|inactive|nicole7735 has 270 seconds left.
|inactive|SoyJosito has 210 seconds left.
|inactive|SoyJosito has 180 seconds left.
|inactive|nicole7735 has 240 seconds left.
|
|t:|1728078658
|move|p1a: Starmie|Hydro Pump|p2a: Metagross
|-damage|p2a: Metagross|45/100
|move|p2a: Metagross|Explosion|p1a: Starmie
|-damage|p1a: Starmie|0 fnt
|faint|p2a: Metagross
|faint|p1a: Starmie
|inactive|nicole7735 has 210 seconds left.
|inactive|SoyJosito has 150 seconds left.
|inactive|SoyJosito has 120 seconds left.
|inactive|nicole7735 has 180 seconds left.
|inactive|nicole7735 has 150 seconds left.
|
|t:|1728078751
|switch|p1a: Skarmory|Skarmory, F|42/100 par
|switch|p2a: Salamence|Salamence, M|100/100
|-ability|p2a: Salamence|Intimidate|boost
|-unboost|p1a: Skarmory|atk|1
|
|-weather|Sandstorm|[upkeep]
|-damage|p2a: Salamence|94/100|[from] Sandstorm
|-heal|p2a: Salamence|100/100|[from] item: Leftovers
|-heal|p1a: Skarmory|48/100 par|[from] item: Leftovers
|upkeep
|turn|13
|
|t:|1728078765
|move|p1a: Skarmory|Protect|p1a: Skarmory
|-singleturn|p1a: Skarmory|Protect
|move|p2a: Salamence|Dragon Dance|p2a: Salamence
|-boost|p2a: Salamence|atk|1
|-boost|p2a: Salamence|spe|1
|
|-weather|Sandstorm|[upkeep]
|-damage|p2a: Salamence|94/100|[from] Sandstorm
|-heal|p2a: Salamence|100/100|[from] item: Leftovers
|-heal|p1a: Skarmory|54/100 par|[from] item: Leftovers
|upkeep
|turn|14
|
|t:|1728078785
|move|p2a: Salamence|Rock Slide|p1a: Skarmory
|-damage|p1a: Skarmory|22/100 par
|move|p1a: Skarmory|Toxic|p2a: Salamence
|-status|p2a: Salamence|tox
|
|-weather|Sandstorm|[upkeep]
|-damage|p2a: Salamence|94/100 tox|[from] Sandstorm
|-heal|p2a: Salamence|100/100 tox|[from] item: Leftovers
|-damage|p2a: Salamence|94/100 tox|[from] psn
|-heal|p1a: Skarmory|28/100 par|[from] item: Leftovers
|upkeep
|turn|15
|inactive|SoyJosito has 90 seconds left.
|
|t:|1728078828
|move|p1a: Skarmory|Protect|p1a: Skarmory
|-singleturn|p1a: Skarmory|Protect
|move|p2a: Salamence|Rock Slide|p1a: Skarmory
|-activate|p1a: Skarmory|Protect
|
|-weather|Sandstorm|[upkeep]
|-damage|p2a: Salamence|88/100 tox|[from] Sandstorm
|-heal|p2a: Salamence|94/100 tox|[from] item: Leftovers
|-damage|p2a: Salamence|82/100 tox|[from] psn
|-heal|p1a: Skarmory|34/100 par|[from] item: Leftovers
|upkeep
|turn|16
|inactive|SoyJosito has 60 seconds left.
|
|t:|1728078867
|move|p2a: Salamence|Rock Slide|p1a: Skarmory
|-damage|p1a: Skarmory|1/100 par
|move|p1a: Skarmory|Roar|p2a: Salamence
|drag|p2a: Charizard|Charizard, F|100/100
|
|-weather|Sandstorm|[upkeep]
|-damage|p2a: Charizard|94/100|[from] Sandstorm
|-heal|p2a: Charizard|100/100|[from] item: Leftovers
|-heal|p1a: Skarmory|7/100 par|[from] item: Leftovers
|upkeep
|turn|17
|inactive|SoyJosito has 30 seconds left.
|inactive|SoyJosito has 20 seconds left.
|
|t:|1728078905
|move|p2a: Charizard|Substitute|p2a: Charizard
|-start|p2a: Charizard|Substitute
|-damage|p2a: Charizard|76/100
|cant|p1a: Skarmory|par
|
|-weather|Sandstorm|[upkeep]
|-damage|p2a: Charizard|70/100|[from] Sandstorm
|-heal|p2a: Charizard|76/100|[from] item: Leftovers
|-heal|p1a: Skarmory|13/100 par|[from] item: Leftovers
|upkeep
|turn|18
|inactive|SoyJosito has 30 seconds left this turn.
|inactive|SoyJosito has 20 seconds left.
|inactive|SoyJosito has 15 seconds left.
|inactive|SoyJosito has 10 seconds left.
|
|t:|1728078937
|-singleturn|p2a: Charizard|move: Focus Punch
|cant|p1a: Skarmory|par
|move|p2a: Charizard|Focus Punch|p1a: Skarmory
|-damage|p1a: Skarmory|0 fnt
|faint|p1a: Skarmory
|inactive|SoyJosito has 15 seconds left this turn.
|inactive|SoyJosito has 10 seconds left.
|
|t:|1728078943
|switch|p1a: Blissey|Blissey, F, shiny|73/100
|-damage|p1a: Blissey|61/100|[from] Spikes
|
|-weather|Sandstorm|[upkeep]
|-damage|p2a: Charizard|70/100|[from] Sandstorm
|-damage|p1a: Blissey|55/100|[from] Sandstorm
|-heal|p2a: Charizard|76/100|[from] item: Leftovers
|-heal|p1a: Blissey|61/100|[from] item: Leftovers
|upkeep
|turn|19
|inactive|SoyJosito has 20 seconds left this turn.
|inactive|SoyJosito has 15 seconds left.
|
|t:|1728078949
|-singleturn|p2a: Charizard|move: Focus Punch
|move|p1a: Blissey|Ice Beam|p2a: Charizard
|-end|p2a: Charizard|Substitute
|move|p2a: Charizard|Focus Punch|p1a: Blissey
|-supereffective|p1a: Blissey
|-crit|p1a: Blissey
|-damage|p1a: Blissey|0 fnt
|faint|p1a: Blissey
|inactive|SoyJosito has 20 seconds left this turn.
|
|t:|1728078951
|switch|p1a: Tyranitar|Tyranitar, F|100/100
|-damage|p1a: Tyranitar|88/100|[from] Spikes
|
|-weather|Sandstorm|[upkeep]
|-damage|p2a: Charizard|70/100|[from] Sandstorm
|-heal|p2a: Charizard|76/100|[from] item: Leftovers
|-heal|p1a: Tyranitar|94/100|[from] item: Leftovers
|upkeep
|turn|20
|inactive|SoyJosito has 30 seconds left this turn.
|inactive|nicole7735 has 210 seconds left.
|
|t:|1728078962
|move|p2a: Charizard|Hidden Power|p1a: Tyranitar
|-supereffective|p1a: Tyranitar
|-damage|p1a: Tyranitar|60/100
|move|p1a: Tyranitar|Rock Slide|p2a: Charizard
|-supereffective|p2a: Charizard
|-damage|p2a: Charizard|0 fnt
|faint|p2a: Charizard
|inactive|SoyJosito has 30 seconds left this turn.
|
|t:|1728078963
|switch|p2a: Salamence|Salamence, M|82/100 tox
|-ability|p2a: Salamence|Intimidate|boost
|-unboost|p1a: Tyranitar|atk|1
|
|-weather|Sandstorm|[upkeep]
|-damage|p2a: Salamence|76/100 tox|[from] Sandstorm
|-heal|p2a: Salamence|82/100 tox|[from] item: Leftovers
|-damage|p2a: Salamence|76/100 tox|[from] psn
|-heal|p1a: Tyranitar|66/100|[from] item: Leftovers
|upkeep
|turn|21
|inactive|SoyJosito has 30 seconds left.
|
|t:|1728078979
|move|p2a: Salamence|Earthquake|p1a: Tyranitar
|-supereffective|p1a: Tyranitar
|-damage|p1a: Tyranitar|5/100
|move|p1a: Tyranitar|Rock Slide|p2a: Salamence
|-supereffective|p2a: Salamence
|-damage|p2a: Salamence|7/100 tox
|
|-weather|Sandstorm|[upkeep]
|-damage|p2a: Salamence|1/100 tox|[from] Sandstorm
|-heal|p2a: Salamence|7/100 tox|[from] item: Leftovers
|-damage|p2a: Salamence|0 fnt|[from] psn
|faint|p2a: Salamence
|
|win|SoyJosito
|upkeep
|inactive|SoyJosito has 30 seconds left this turn.

</script>
<script type="application/json" class="data" id="replaydata-smogtours-gen3ou-794751">
{"id":"smogtours-gen3ou-794751","format":"[Gen 3] OU","players":["SoyJosito","nicole7735"],"uploadtime":1728078979,"views":131,"formatid":"gen3ou","rating":null,"private":0,"password":null}
</script>

<script defer src="js/replays.js?9d40a366"></script>
