<!DOCTYPE html>
<meta charset="utf-8" />
<meta name="viewport" content="width=device-width" />

<title>[Gen 3] OU: Loeffelbiskuit98 vs. pea-kah - Replays - Pok&eacute;mon Showdown!</title>

<meta name="description" content="Watch a replay of a Pok&eacute;mon battle between Loeffelbiskuit98 and pea-kah! Format: [Gen 3] OU; Date: Oct 9, 2024" />
<!--

Hey, you! Looking in the source for the replay log?

You can find them in JSON format, just add `.json` at the end of a replay URL.

https://replay.pokemonshowdown.com/gen7randomdoublesbattle-865046831.json

Or, if you only need the log itself, add `.log` instead:

https://replay.pokemonshowdown.com/gen7randomdoublesbattle-865046831.log

-->

<link rel="stylesheet" href="//pokemonshowdown.com/style/global.css?0.023195364461161105" />
<link rel="stylesheet" href="//play.pokemonshowdown.com/style/font-awesome.css?0.13261647063804238" />
<link rel="stylesheet" href="//play.pokemonshowdown.com/style/battle.css?0.8753245789963631" />
<link rel="stylesheet" href="//play.pokemonshowdown.com/style/utilichart.css?0.8627959624976733" />

<!-- Global site tag (gtag.js) - Google Analytics -->
<script async src="https://www.googletagmanager.com/gtag/js?id=UA-26211653-1"></script>
<script>
  window.dataLayer = window.dataLayer || [];
  function gtag(){dataLayer.push(arguments);}
  gtag('js', new Date());

  gtag('config', 'UA-26211653-1');
</script>
<!-- End Google Analytics -->
<!-- Venatus Ad Manager - Install in <HEAD> of page -->
	<script src="https://hb.vntsm.com/v3/live/ad-manager.min.js" type="text/javascript" data-site-id="642aba63ec9a7b11c3c9c1be" data-mode="scan" async></script>
<!-- / Venatus Ad Manager -->

<style>
	@media (max-width:820px) {
		.battle {
			margin: 0 auto;
		}
		.battle-log {
			margin: 7px auto 0;
			max-width: 640px;
			height: 300px;
			position: static;
		}
	}
	.optgroup {
		display: inline-block;
		line-height: 22px;
		font-size: 10pt;
	}
	.optgroup .button {
		height: 25px;
		padding-top: 0;
		padding-bottom: 0;
	}
	.optgroup button.button {
		padding-left: 12px;
		padding-right: 12px;
	}
	.linklist {
		list-style: none;
		margin: 0.5em 0;
		padding: 0;
	}
	.linklist li {
		padding: 2px 0;
	}
	.sidebar {
		float: left;
		width: 320px;
	}
	.bar-wrapper {
		max-width: 1100px;
		margin: 0 auto;
	}
	.bar-wrapper.has-sidebar {
		max-width: 1430px;
	}
	.mainbar {
		margin: 0;
		padding-right: 1px;
	}
	.mainbar.has-sidebar {
		margin-left: 330px;
	}
	@media (min-width: 1511px) {
		.sidebar {
			width: 400px;
		}
		.bar-wrapper.has-sidebar {
			max-width: 1510px;
		}
		.mainbar.has-sidebar {
			margin-left: 410px;
		}
	}
	.section.first-section {
		margin-top: 9px;
	}
	.blocklink small {
		white-space: normal;
	}
	.button {
		vertical-align: middle;
	}
	.replay-controls {
		padding-top: 10px;
	}
	.replay-controls h1 {
		font-size: 16pt;
		font-weight: normal;
		color: #CCC;
	}
	.pagelink {
		text-align: center;
	}
	.pagelink a {
		width: 150px;
	}
	.textbox, .button {
		font-size: 11pt;
		vertical-align: middle;
	}
	@media (max-width: 450px) {
		.button {
			font-size: 9pt;
		}
	}
</style>

<div>

	<header>
		<div class="nav-wrapper"><ul class="nav">
			<li><a class="button nav-first" href="//pokemonshowdown.com/"><img src="//pokemonshowdown.com/images/pokemonshowdownbeta.png" srcset="//pokemonshowdown.com/images/pokemonshowdownbeta.png 1x, //pokemonshowdown.com/images/pokemonshowdownbeta@2x.png 2x" alt="Pok&eacute;mon Showdown" width="146" height="44" /> Home</a></li>
			<li><a class="button" href="//pokemonshowdown.com/dex/">Pok&eacute;dex</a></li>
			<li><a class="button cur" href="/">Replays</a></li>
			<li><a class="button" href="//pokemonshowdown.com/ladder/">Ladder</a></li>
			<li><a class="button nav-last" href="//pokemonshowdown.com/forums/">Forum</a></li>
			<li><a class="button greenbutton nav-first nav-last" href="//play.pokemonshowdown.com/">Play</a></li>
		</ul></div>
	</header>

	<div class="main" id="main">

		<noscript><section class="section">You need to enable JavaScript to use this page; sorry!</section></noscript>

	</div>

</div>

<script defer nomodule src="//play.pokemonshowdown.com/js/lib/ps-polyfill.js"></script>
<script defer src="//play.pokemonshowdown.com/js/lib/preact.min.js"></script>

<script defer src="//play.pokemonshowdown.com/config/config.js?2bddbc15"></script>
<script defer src="//play.pokemonshowdown.com/js/lib/jquery-1.11.0.min.js"></script>
<script defer src="//play.pokemonshowdown.com/js/lib/html-sanitizer-minified.js"></script>
<script defer src="//play.pokemonshowdown.com/js/battle-sound.js"></script>
<script defer src="//play.pokemonshowdown.com/js/battledata.js?0.7209276989879541"></script>
<script defer src="//play.pokemonshowdown.com/data/pokedex-mini.js?0.6111056340867951"></script>
<script defer src="//play.pokemonshowdown.com/data/pokedex-mini-bw.js?0.3532142036491459"></script>
<script defer src="//play.pokemonshowdown.com/data/graphics.js?0.24223875632456182"></script>
<script defer src="//play.pokemonshowdown.com/data/pokedex.js?0.38839984266356864"></script>
<script defer src="//play.pokemonshowdown.com/data/moves.js?0.21866028504024015"></script>
<script defer src="//play.pokemonshowdown.com/data/abilities.js?0.2005157953846628"></script>
<script defer src="//play.pokemonshowdown.com/data/items.js?0.9894211263848525"></script>
<script defer src="//play.pokemonshowdown.com/data/teambuilder-tables.js?0.6008791140282215"></script>
<script defer src="//play.pokemonshowdown.com/js/battle-tooltips.js?0.7580118955022959"></script>
<script defer src="//play.pokemonshowdown.com/js/battle.js?0.6057722274234274"></script>

<script defer src="js/utils.js?e31f9a17"></script>
<script defer src="js/replays-battle.js?7008c182"></script>

<!-- don't scrape this data! just add .json or .log after the URL!
Full API docs: https://github.com/smogon/pokemon-showdown-client/blob/master/WEB-API.md -->
<script type="text/plain" class="log" id="replaylog-smogtours-gen3ou-796647">
|inactive|Battle timer is ON: inactive players will automatically lose when time's up.
|t:|1728490434
|gametype|singles
|player|p1|Loeffelbiskuit98|266|
|player|p2|pea-kah|2|
|teamsize|p1|6
|teamsize|p2|6
|gen|3
|tier|[Gen 3] OU
|rule|Sleep Clause Mod: Limit one foe put to sleep
|rule|Switch Priority Clause Mod: Faster Pokémon switch first
|rule|Species Clause: Limit one of each Pokémon
|rule|OHKO Clause: OHKO moves are banned
|rule|Evasion Items Clause: Evasion items are banned
|rule|Evasion Moves Clause: Evasion moves are banned
|rule|Endless Battle Clause: Forcing endless battles is banned
|rule|HP Percentage Mod: HP is shown in percentages
|rule|One Boost Passer Clause: Limit one Baton Passer that has a way to boost its stats
|rule|Freeze Clause Mod: Limit one foe frozen
|
|t:|1728490434
|start
|switch|p1a: Zapuno|Zapdos|100/100
|switch|p2a: Ceres|Primeape, M, shiny|100/100
|turn|1
|
|t:|1728490448
|switch|p2a: Iaso|Blissey, F, shiny|100/100
|move|p1a: Zapuno|Thunder Wave|p2a: Iaso
|-status|p2a: Iaso|par
|
|upkeep
|turn|2
|
|t:|1728490457
|move|p1a: Zapuno|Baton Pass|p1a: Zapuno
|
|t:|1728490458
|switch|p1a: DugDugDug|Dugtrio, M|100/100|[from] Baton Pass
|move|p2a: Iaso|Calm Mind|p2a: Iaso
|-boost|p2a: Iaso|spa|1
|-boost|p2a: Iaso|spd|1
|
|upkeep
|turn|3
|
|t:|1728490464
|move|p1a: DugDugDug|Beat Up|p2a: Iaso
|-damage|p2a: Iaso|91/100 par
|-damage|p2a: Iaso|80/100 par
|-damage|p2a: Iaso|68/100 par
|-damage|p2a: Iaso|51/100 par
|-damage|p2a: Iaso|43/100 par
|-damage|p2a: Iaso|35/100 par
|-hitcount|p2a: Iaso|6
|move|p2a: Iaso|Ice Beam|p1a: DugDugDug
|-supereffective|p1a: DugDugDug
|-damage|p1a: DugDugDug|0 fnt
|faint|p1a: DugDugDug
|c|☆Loeffelbiskuit98|wait thats wrong evs
|c|☆Loeffelbiskuit98|oof
|c|☆Loeffelbiskuit98|wait nvm ur calm minded
|inactive|Loeffelbiskuit98 has 270 seconds left.
|c|☆Loeffelbiskuit98|hehe
|
|t:|1728490502
|switch|p1a: Ouchie|Metagross, shiny|100/100
|
|-heal|p2a: Iaso|41/100 par|[from] item: Leftovers
|upkeep
|turn|4
|
|t:|1728490511
|-curestatus|p2a: Iaso|par|[from] ability: Natural Cure
|switch|p2a: Horus|Skarmory, M, shiny|100/100
|move|p1a: Ouchie|Meteor Mash|p2a: Horus
|-resisted|p2a: Horus
|-damage|p2a: Horus|75/100
|
|-heal|p2a: Horus|81/100|[from] item: Leftovers
|upkeep
|turn|5
|inactive|Loeffelbiskuit98 has 270 seconds left.
|
|t:|1728490545
|move|p2a: Horus|Spikes|p1a: Ouchie
|-sidestart|p1: Loeffelbiskuit98|Spikes
|move|p1a: Ouchie|Meteor Mash|p2a: Horus
|-resisted|p2a: Horus
|-damage|p2a: Horus|56/100
|-boost|p1a: Ouchie|atk|1
|
|-heal|p2a: Horus|62/100|[from] item: Leftovers
|upkeep
|turn|6
|
|t:|1728490553
|move|p2a: Horus|Protect|p2a: Horus
|-singleturn|p2a: Horus|Protect
|move|p1a: Ouchie|Meteor Mash|p2a: Horus
|-activate|p2a: Horus|Protect
|
|-heal|p2a: Horus|68/100|[from] item: Leftovers
|upkeep
|turn|7
|inactive|Loeffelbiskuit98 has 270 seconds left.
|inactive|pea-kah has 270 seconds left.
|inactive|Loeffelbiskuit98 has 240 seconds left.
|
|t:|1728490595
|move|p1a: Ouchie|Meteor Mash|p2a: Horus
|-resisted|p2a: Horus
|-damage|p2a: Horus|29/100
|move|p2a: Horus|Whirlwind|p1a: Ouchie
|drag|p1a: Zapuno|Zapdos|100/100
|
|-heal|p2a: Horus|35/100|[from] item: Leftovers
|upkeep
|turn|8
|inactive|Loeffelbiskuit98 has 240 seconds left.
|inactive|pea-kah has 270 seconds left.
|
|t:|1728490606
|move|p2a: Horus|Protect|p2a: Horus
|-singleturn|p2a: Horus|Protect
|move|p1a: Zapuno|Baton Pass|p1a: Zapuno
|inactive|Loeffelbiskuit98 has 240 seconds left.
|
|t:|1728490618
|switch|p1a: Goblin Rat|Gengar, F, shiny|100/100|[from] Baton Pass
|
|-heal|p2a: Horus|41/100|[from] item: Leftovers
|upkeep
|turn|9
|inactive|pea-kah has 270 seconds left.
|inactive|pea-kah has 240 seconds left.
|
|t:|1728490684
|switch|p2a: Iaso|Blissey, F, shiny|41/100
|move|p1a: Goblin Rat|Will-O-Wisp|p2a: Iaso
|-status|p2a: Iaso|brn
|
|-heal|p2a: Iaso|47/100 brn|[from] item: Leftovers
|-damage|p2a: Iaso|35/100 brn|[from] brn
|upkeep
|turn|10
|
|t:|1728490696
|move|p1a: Goblin Rat|Explosion|p2a: Iaso
|-damage|p2a: Iaso|0 fnt
|faint|p1a: Goblin Rat
|faint|p2a: Iaso
|
|t:|1728490703
|switch|p1a: Ouchie|Metagross, shiny|100/100
|switch|p2a: Ceres|Primeape, M, shiny|100/100
|-damage|p1a: Ouchie|88/100|[from] Spikes
|
|upkeep
|turn|11
|inactive|pea-kah has 210 seconds left.
|inactive|pea-kah has 180 seconds left.
|inactive|pea-kah has 150 seconds left.
|
|t:|1728490802
|move|p2a: Ceres|Earthquake|p1a: Ouchie
|-supereffective|p1a: Ouchie
|-damage|p1a: Ouchie|24/100
|move|p1a: Ouchie|Meteor Mash|p2a: Ceres
|-damage|p2a: Ceres|0 fnt
|-boost|p1a: Ouchie|atk|1
|faint|p2a: Ceres
|
|t:|1728490814
|switch|p2a: Hades|Gengar, M, shiny|100/100
|
|upkeep
|turn|12
|inactive|Loeffelbiskuit98 has 270 seconds left.
|inactive|pea-kah has 120 seconds left.
|inactive|Loeffelbiskuit98 has 240 seconds left.
|
|t:|1728490882
|move|p2a: Hades|Thunderbolt|p1a: Ouchie
|-damage|p1a: Ouchie|0 fnt
|faint|p1a: Ouchie
|
|t:|1728490889
|switch|p1a: Etsy Store|Claydol|100/100
|
|upkeep
|turn|13
|inactive|pea-kah has 120 seconds left.
|inactive|pea-kah has 90 seconds left.
|
|t:|1728490958
|switch|p2a: Salacia|Starmie, shiny|100/100
|move|p1a: Etsy Store|Psychic|p2a: Salacia
|-resisted|p2a: Salacia
|-damage|p2a: Salacia|84/100
|
|-heal|p2a: Salacia|90/100|[from] item: Leftovers
|upkeep
|turn|14
|
|t:|1728490967
|move|p2a: Salacia|Hydro Pump|p1a: Etsy Store
|-supereffective|p1a: Etsy Store
|-damage|p1a: Etsy Store|0 fnt
|faint|p1a: Etsy Store
|
|t:|1728490972
|switch|p1a: Zapuno|Zapdos|100/100
|
|-heal|p2a: Salacia|96/100|[from] item: Leftovers
|upkeep
|turn|15
|inactive|pea-kah has 60 seconds left.
|
|t:|1728491012
|switch|p2a: Horus|Skarmory, M, shiny|41/100
|move|p1a: Zapuno|Thunderbolt|p2a: Horus
|-supereffective|p2a: Horus
|-damage|p2a: Horus|0 fnt
|faint|p2a: Horus
|inactive|pea-kah has 30 seconds left.
|
|t:|1728491038
|switch|p2a: Athena|Tyranitar, F, shiny|100/100
|-weather|Sandstorm|[from] ability: Sand Stream|[of] p2a: Athena
|
|-weather|Sandstorm|[upkeep]
|-damage|p1a: Zapuno|94/100|[from] Sandstorm
|-heal|p1a: Zapuno|100/100|[from] item: Leftovers
|upkeep
|turn|16
|
|t:|1728491047
|move|p1a: Zapuno|Thunderbolt|p2a: Athena
|-damage|p2a: Athena|46/100
|move|p2a: Athena|Dragon Dance|p2a: Athena
|-boost|p2a: Athena|atk|1
|-boost|p2a: Athena|spe|1
|
|-weather|Sandstorm|[upkeep]
|-damage|p1a: Zapuno|94/100|[from] Sandstorm
|-heal|p1a: Zapuno|100/100|[from] item: Leftovers
|upkeep
|turn|17
|
|t:|1728491055
|move|p2a: Athena|Rock Slide|p1a: Zapuno
|-supereffective|p1a: Zapuno
|-damage|p1a: Zapuno|0 fnt
|faint|p1a: Zapuno
|
|t:|1728491058
|switch|p1a: King:ta:|Kingdra, F, shiny|100/100
|-damage|p1a: King:ta:|88/100|[from] Spikes
|
|-weather|Sandstorm|[upkeep]
|-damage|p1a: King:ta:|82/100|[from] Sandstorm
|-heal|p1a: King:ta:|88/100|[from] item: Leftovers
|upkeep
|turn|18
|inactive|Loeffelbiskuit98 has 270 seconds left.
|inactive|pea-kah has 30 seconds left.
|
|t:|1728491086
|move|p2a: Athena|Earthquake|p1a: King:ta:
|-damage|p1a: King:ta:|31/100
|move|p1a: King:ta:|Rain Dance|p1a: King:ta:
|-weather|RainDance
|
|-weather|RainDance|[upkeep]
|-heal|p1a: King:ta:|37/100|[from] item: Leftovers
|upkeep
|turn|19
|
|t:|1728491092
|move|p1a: King:ta:|Surf|p2a: Athena
|-supereffective|p2a: Athena
|-damage|p2a: Athena|0 fnt
|faint|p2a: Athena
|
|t:|1728491097
|switch|p2a: Salacia|Starmie, shiny|96/100
|
|-weather|RainDance|[upkeep]
|-heal|p1a: King:ta:|44/100|[from] item: Leftovers
|-heal|p2a: Salacia|100/100|[from] item: Leftovers
|upkeep
|turn|20
|inactive|pea-kah has 30 seconds left.
|inactive|pea-kah has 20 seconds left.
|
|t:|1728491124
|move|p1a: King:ta:|Surf|p2a: Salacia
|-resisted|p2a: Salacia
|-damage|p2a: Salacia|54/100
|move|p2a: Salacia|Psychic|p1a: King:ta:
|-damage|p1a: King:ta:|2/100
|
|-weather|RainDance|[upkeep]
|-heal|p1a: King:ta:|8/100|[from] item: Leftovers
|-heal|p2a: Salacia|60/100|[from] item: Leftovers
|upkeep
|turn|21
|inactive|pea-kah has 30 seconds left this turn.
|
|t:|1728491131
|move|p1a: King:ta:|Surf|p2a: Salacia
|-resisted|p2a: Salacia
|-damage|p2a: Salacia|10/100
|move|p2a: Salacia|Psychic|p1a: King:ta:
|-damage|p1a: King:ta:|0 fnt
|faint|p1a: King:ta:
|
|win|pea-kah
|inactive|pea-kah has 30 seconds left this turn.
|c|☆Loeffelbiskuit98|gg
|player|p1|
|c|☆pea-kah|gg's!

</script>
<script type="application/json" class="data" id="replaydata-smogtours-gen3ou-796647">
{"id":"smogtours-gen3ou-796647","format":"[Gen 3] OU","players":["Loeffelbiskuit98","pea-kah"],"uploadtime":1728491131,"views":101,"formatid":"gen3ou","rating":null,"private":0,"password":null}
</script>

<script defer src="js/replays.js?9d40a366"></script>
