<!DOCTYPE html>
<meta charset="utf-8" />
<meta name="viewport" content="width=device-width" />

<title>[Gen 3] OU: smokingrocks vs. VZR - Replays - Pok&eacute;mon Showdown!</title>

<meta name="description" content="Watch a replay of a Pok&eacute;mon battle between smokingrocks and VZR! Format: [Gen 3] OU; Date: Oct 23, 2024" />
<!--

Hey, you! Looking in the source for the replay log?

You can find them in JSON format, just add `.json` at the end of a replay URL.

https://replay.pokemonshowdown.com/gen7randomdoublesbattle-865046831.json

Or, if you only need the log itself, add `.log` instead:

https://replay.pokemonshowdown.com/gen7randomdoublesbattle-865046831.log

-->

<link rel="stylesheet" href="//pokemonshowdown.com/style/global.css?0.767286132409787" />
<link rel="stylesheet" href="//play.pokemonshowdown.com/style/font-awesome.css?0.9266228007934947" />
<link rel="stylesheet" href="//play.pokemonshowdown.com/style/battle.css?0.7924700842790926" />
<link rel="stylesheet" href="//play.pokemonshowdown.com/style/utilichart.css?0.8777417872839479" />

<!-- Global site tag (gtag.js) - Google Analytics -->
<script async src="https://www.googletagmanager.com/gtag/js?id=UA-26211653-1"></script>
<script>
  window.dataLayer = window.dataLayer || [];
  function gtag(){dataLayer.push(arguments);}
  gtag('js', new Date());

  gtag('config', 'UA-26211653-1');
</script>
<!-- End Google Analytics -->
<!-- Venatus Ad Manager - Install in <HEAD> of page -->
	<script src="https://hb.vntsm.com/v3/live/ad-manager.min.js" type="text/javascript" data-site-id="642aba63ec9a7b11c3c9c1be" data-mode="scan" async></script>
<!-- / Venatus Ad Manager -->

<style>
	@media (max-width:820px) {
		.battle {
			margin: 0 auto;
		}
		.battle-log {
			margin: 7px auto 0;
			max-width: 640px;
			height: 300px;
			position: static;
		}
	}
	.optgroup {
		display: inline-block;
		line-height: 22px;
		font-size: 10pt;
	}
	.optgroup .button {
		height: 25px;
		padding-top: 0;
		padding-bottom: 0;
	}
	.optgroup button.button {
		padding-left: 12px;
		padding-right: 12px;
	}
	.linklist {
		list-style: none;
		margin: 0.5em 0;
		padding: 0;
	}
	.linklist li {
		padding: 2px 0;
	}
	.sidebar {
		float: left;
		width: 320px;
	}
	.bar-wrapper {
		max-width: 1100px;
		margin: 0 auto;
	}
	.bar-wrapper.has-sidebar {
		max-width: 1430px;
	}
	.mainbar {
		margin: 0;
		padding-right: 1px;
	}
	.mainbar.has-sidebar {
		margin-left: 330px;
	}
	@media (min-width: 1511px) {
		.sidebar {
			width: 400px;
		}
		.bar-wrapper.has-sidebar {
			max-width: 1510px;
		}
		.mainbar.has-sidebar {
			margin-left: 410px;
		}
	}
	.section.first-section {
		margin-top: 9px;
	}
	.blocklink small {
		white-space: normal;
	}
	.button {
		vertical-align: middle;
	}
	.replay-controls {
		padding-top: 10px;
	}
	.replay-controls h1 {
		font-size: 16pt;
		font-weight: normal;
		color: #CCC;
	}
	.pagelink {
		text-align: center;
	}
	.pagelink a {
		width: 150px;
	}
	.textbox, .button {
		font-size: 11pt;
		vertical-align: middle;
	}
	@media (max-width: 450px) {
		.button {
			font-size: 9pt;
		}
	}
</style>

<div>

	<header>
		<div class="nav-wrapper"><ul class="nav">
			<li><a class="button nav-first" href="//pokemonshowdown.com/"><img src="//pokemonshowdown.com/images/pokemonshowdownbeta.png" srcset="//pokemonshowdown.com/images/pokemonshowdownbeta.png 1x, //pokemonshowdown.com/images/pokemonshowdownbeta@2x.png 2x" alt="Pok&eacute;mon Showdown" width="146" height="44" /> Home</a></li>
			<li><a class="button" href="//pokemonshowdown.com/dex/">Pok&eacute;dex</a></li>
			<li><a class="button cur" href="/">Replays</a></li>
			<li><a class="button" href="//pokemonshowdown.com/ladder/">Ladder</a></li>
			<li><a class="button nav-last" href="//pokemonshowdown.com/forums/">Forum</a></li>
			<li><a class="button greenbutton nav-first nav-last" href="//play.pokemonshowdown.com/">Play</a></li>
		</ul></div>
	</header>

	<div class="main" id="main">

		<noscript><section class="section">You need to enable JavaScript to use this page; sorry!</section></noscript>

	</div>

</div>

<script defer nomodule src="//play.pokemonshowdown.com/js/lib/ps-polyfill.js"></script>
<script defer src="//play.pokemonshowdown.com/js/lib/preact.min.js"></script>

<script defer src="//play.pokemonshowdown.com/config/config.js?6dec07f6"></script>
<script defer src="//play.pokemonshowdown.com/js/lib/jquery-1.11.0.min.js"></script>
<script defer src="//play.pokemonshowdown.com/js/lib/html-sanitizer-minified.js"></script>
<script defer src="//play.pokemonshowdown.com/js/battle-sound.js"></script>
<script defer src="//play.pokemonshowdown.com/js/battledata.js?0.6315294753075389"></script>
<script defer src="//play.pokemonshowdown.com/data/pokedex-mini.js?0.7603743185311358"></script>
<script defer src="//play.pokemonshowdown.com/data/pokedex-mini-bw.js?0.030888842834281283"></script>
<script defer src="//play.pokemonshowdown.com/data/graphics.js?0.05593094747507488"></script>
<script defer src="//play.pokemonshowdown.com/data/pokedex.js?0.47064822249611904"></script>
<script defer src="//play.pokemonshowdown.com/data/moves.js?0.8583693120512459"></script>
<script defer src="//play.pokemonshowdown.com/data/abilities.js?0.16017181182386842"></script>
<script defer src="//play.pokemonshowdown.com/data/items.js?0.4163379185673943"></script>
<script defer src="//play.pokemonshowdown.com/data/teambuilder-tables.js?0.31075597372830477"></script>
<script defer src="//play.pokemonshowdown.com/js/battle-tooltips.js?0.6536193500708172"></script>
<script defer src="//play.pokemonshowdown.com/js/battle.js?0.1916591943277901"></script>

<script defer src="js/utils.js?e31f9a17"></script>
<script defer src="js/replays-battle.js?7008c182"></script>

<!-- don't scrape this data! just add .json or .log after the URL!
Full API docs: https://github.com/smogon/pokemon-showdown-client/blob/master/WEB-API.md -->
<script type="text/plain" class="log" id="replaylog-smogtours-gen3ou-801459">
|inactive|Battle timer is ON: inactive players will automatically lose when time's up.
|t:|1729722517
|gametype|singles
|player|p1|smokingrocks|youngster|
|player|p2|VZR|veteran|
|teamsize|p1|6
|teamsize|p2|6
|gen|3
|tier|[Gen 3] OU
|rule|Sleep Clause Mod: Limit one foe put to sleep
|rule|Switch Priority Clause Mod: Faster Pokémon switch first
|rule|Species Clause: Limit one of each Pokémon
|rule|OHKO Clause: OHKO moves are banned
|rule|Evasion Items Clause: Evasion items are banned
|rule|Evasion Moves Clause: Evasion moves are banned
|rule|Endless Battle Clause: Forcing endless battles is banned
|rule|HP Percentage Mod: HP is shown in percentages
|rule|One Boost Passer Clause: Limit one Baton Passer that has a way to boost its stats
|rule|Freeze Clause Mod: Limit one foe frozen
|
|t:|1729722517
|start
|switch|p1a: Tauros|Tauros, M|100/100
|switch|p2a: xM(NT fz2%)7=nI#/h|Suicune, shiny|100/100
|-ability|p1a: Tauros|Intimidate|boost
|-unboost|p2a: xM(NT fz2%)7=nI#/h|atk|1
|turn|1
|c|☆VZR|hf
|c|☆smokingrocks|gl hf
|inactive|VZR has 270 seconds left.
|inactive|VZR has 240 seconds left.
|
|t:|1729722604
|switch|p2a: vGA#mIl^c76Eg0%/+d|Jirachi|100/100
|move|p1a: Tauros|Return|p2a: vGA#mIl^c76Eg0%/+d
|-resisted|p2a: vGA#mIl^c76Eg0%/+d
|-damage|p2a: vGA#mIl^c76Eg0%/+d|62/100
|
|-heal|p2a: vGA#mIl^c76Eg0%/+d|68/100|[from] item: Leftovers
|upkeep
|turn|2
|inactive|VZR has 270 seconds left.
|inactive|smokingrocks has 270 seconds left.
|
|t:|1729722640
|switch|p1a: Celebi|Celebi|100/100
|move|p2a: vGA#mIl^c76Eg0%/+d|Psychic|p1a: Celebi
|-resisted|p1a: Celebi
|-damage|p1a: Celebi|82/100
|
|-heal|p2a: vGA#mIl^c76Eg0%/+d|74/100|[from] item: Leftovers
|-heal|p1a: Celebi|89/100|[from] item: Leftovers
|upkeep
|turn|3
|
|t:|1729722651
|switch|p2a: nLq4_z3;KsyeDJ&=b|Celebi|100/100
|move|p1a: Celebi|Leech Seed|p2a: nLq4_z3;KsyeDJ&=b
|-immune|p2a: nLq4_z3;KsyeDJ&=b
|
|-heal|p1a: Celebi|95/100|[from] item: Leftovers
|upkeep
|turn|4
|
|t:|1729722660
|move|p1a: Celebi|Hidden Power|p2a: nLq4_z3;KsyeDJ&=b
|-supereffective|p2a: nLq4_z3;KsyeDJ&=b
|-damage|p2a: nLq4_z3;KsyeDJ&=b|62/100
|move|p2a: nLq4_z3;KsyeDJ&=b|Leech Seed|p1a: Celebi
|-immune|p1a: Celebi
|
|-heal|p1a: Celebi|100/100|[from] item: Leftovers
|-heal|p2a: nLq4_z3;KsyeDJ&=b|68/100|[from] item: Leftovers
|upkeep
|turn|5
|inactive|VZR has 270 seconds left.
|
|t:|1729722669
|move|p1a: Celebi|Hidden Power|p2a: nLq4_z3;KsyeDJ&=b
|-supereffective|p2a: nLq4_z3;KsyeDJ&=b
|-damage|p2a: nLq4_z3;KsyeDJ&=b|35/100
|move|p2a: nLq4_z3;KsyeDJ&=b|Recover|p2a: nLq4_z3;KsyeDJ&=b
|-heal|p2a: nLq4_z3;KsyeDJ&=b|85/100
|
|-heal|p2a: nLq4_z3;KsyeDJ&=b|91/100|[from] item: Leftovers
|upkeep
|turn|6
|
|t:|1729722677
|switch|p2a: EM^?~f>4Oi8Ah)w+pa|Porygon2|100/100
|-ability|p2a: EM^?~f>4Oi8Ah)w+pa|Natural Cure|[from] ability: Trace|[of] p1a: Celebi
|move|p1a: Celebi|Hidden Power|p2a: EM^?~f>4Oi8Ah)w+pa
|-damage|p2a: EM^?~f>4Oi8Ah)w+pa|79/100
|
|-heal|p2a: EM^?~f>4Oi8Ah)w+pa|86/100|[from] item: Leftovers
|upkeep
|turn|7
|
|t:|1729722694
|move|p1a: Celebi|Leech Seed|p2a: EM^?~f>4Oi8Ah)w+pa
|-start|p2a: EM^?~f>4Oi8Ah)w+pa|move: Leech Seed
|move|p2a: EM^?~f>4Oi8Ah)w+pa|Thunder Wave|p1a: Celebi
|-status|p1a: Celebi|par
|
|-heal|p2a: EM^?~f>4Oi8Ah)w+pa|92/100|[from] item: Leftovers
|-damage|p2a: EM^?~f>4Oi8Ah)w+pa|79/100|[from] Leech Seed|[of] p1a: Celebi
|upkeep
|turn|8
|inactive|VZR has 270 seconds left.
|
|t:|1729722715
|move|p2a: EM^?~f>4Oi8Ah)w+pa|Ice Beam|p1a: Celebi
|-supereffective|p1a: Celebi
|-damage|p1a: Celebi|61/100 par
|move|p1a: Celebi|Psychic|p2a: EM^?~f>4Oi8Ah)w+pa
|-damage|p2a: EM^?~f>4Oi8Ah)w+pa|36/100
|
|-heal|p2a: EM^?~f>4Oi8Ah)w+pa|42/100|[from] item: Leftovers
|-damage|p2a: EM^?~f>4Oi8Ah)w+pa|30/100|[from] Leech Seed|[of] p1a: Celebi
|-heal|p1a: Celebi|73/100 par|[silent]
|-heal|p1a: Celebi|79/100 par|[from] item: Leftovers
|upkeep
|turn|9
|
|t:|1729722727
|switch|p2a: nLq4_z3;KsyeDJ&=b|Celebi|91/100
|move|p1a: Celebi|Psychic|p2a: nLq4_z3;KsyeDJ&=b
|-resisted|p2a: nLq4_z3;KsyeDJ&=b
|-damage|p2a: nLq4_z3;KsyeDJ&=b|73/100
|
|-heal|p2a: nLq4_z3;KsyeDJ&=b|79/100|[from] item: Leftovers
|-heal|p1a: Celebi|85/100 par|[from] item: Leftovers
|upkeep
|turn|10
|inactive|VZR has 270 seconds left.
|inactive|smokingrocks has 270 seconds left.
|
|t:|1729722769
|switch|p2a: m% FZ+nTNacl.i( 7X|Dugtrio, F|100/100
|cant|p1a: Celebi|par
|
|-heal|p1a: Celebi|91/100 par|[from] item: Leftovers
|upkeep
|turn|11
|
|t:|1729722773
|move|p2a: m% FZ+nTNacl.i( 7X|Hidden Power|p1a: Celebi
|-supereffective|p1a: Celebi
|-damage|p1a: Celebi|5/100 par
|cant|p1a: Celebi|par
|
|-heal|p1a: Celebi|11/100 par|[from] item: Leftovers
|upkeep
|turn|12
|
|t:|1729722781
|move|p2a: m% FZ+nTNacl.i( 7X|Hidden Power|p1a: Celebi
|-supereffective|p1a: Celebi
|-damage|p1a: Celebi|0 fnt
|faint|p1a: Celebi
|inactive|smokingrocks has 270 seconds left.
|inactive|smokingrocks has 240 seconds left.
|
|t:|1729722844
|switch|p1a: Tauros|Tauros, M|100/100
|-ability|p1a: Tauros|Intimidate|boost
|-unboost|p2a: m% FZ+nTNacl.i( 7X|atk|1
|
|upkeep
|turn|13
|inactive|VZR has 270 seconds left.
|
|t:|1729722873
|switch|p2a: EM^?~f>4Oi8Ah)w+pa|Porygon2|30/100
|-ability|p2a: EM^?~f>4Oi8Ah)w+pa|Intimidate|[from] ability: Trace|[of] p1a: Tauros
|move|p1a: Tauros|Earthquake|p2a: EM^?~f>4Oi8Ah)w+pa
|-crit|p2a: EM^?~f>4Oi8Ah)w+pa
|-damage|p2a: EM^?~f>4Oi8Ah)w+pa|0 fnt
|faint|p2a: EM^?~f>4Oi8Ah)w+pa
|
|t:|1729722890
|switch|p2a: nLq4_z3;KsyeDJ&=b|Celebi|79/100
|
|-heal|p2a: nLq4_z3;KsyeDJ&=b|85/100|[from] item: Leftovers
|upkeep
|turn|14
|
|t:|1729722900
|switch|p1a: Milotic|Milotic, M|100/100
|move|p2a: nLq4_z3;KsyeDJ&=b|Leech Seed|p1a: Milotic
|-start|p1a: Milotic|move: Leech Seed
|
|-heal|p2a: nLq4_z3;KsyeDJ&=b|92/100|[from] item: Leftovers
|-damage|p1a: Milotic|88/100|[from] Leech Seed|[of] p2a: nLq4_z3;KsyeDJ&=b
|-heal|p2a: nLq4_z3;KsyeDJ&=b|100/100|[silent]
|upkeep
|turn|15
|
|t:|1729722913
|switch|p1a: Salamence|Salamence, F|100/100
|-ability|p1a: Salamence|Intimidate|boost
|-unboost|p2a: nLq4_z3;KsyeDJ&=b|atk|1
|move|p2a: nLq4_z3;KsyeDJ&=b|Hidden Power|p1a: Salamence
|-resisted|p1a: Salamence
|-damage|p1a: Salamence|94/100
|
|-heal|p1a: Salamence|99/100|[from] item: Leftovers
|upkeep
|turn|16
|inactive|VZR has 270 seconds left.
|
|t:|1729722926
|switch|p2a: xM(NT fz2%)7=nI#/h|Suicune, shiny|100/100
|move|p1a: Salamence|Hidden Power|p2a: xM(NT fz2%)7=nI#/h
|-damage|p2a: xM(NT fz2%)7=nI#/h|80/100
|
|-heal|p1a: Salamence|100/100|[from] item: Leftovers
|-heal|p2a: xM(NT fz2%)7=nI#/h|87/100|[from] item: Leftovers
|upkeep
|turn|17
|inactive|VZR has 270 seconds left.
|
|t:|1729722939
|switch|p1a: Metagross|Metagross|100/100
|move|p2a: xM(NT fz2%)7=nI#/h|Substitute|p2a: xM(NT fz2%)7=nI#/h
|-start|p2a: xM(NT fz2%)7=nI#/h|Substitute
|-damage|p2a: xM(NT fz2%)7=nI#/h|62/100
|
|-heal|p2a: xM(NT fz2%)7=nI#/h|68/100|[from] item: Leftovers
|upkeep
|turn|18
|
|t:|1729722943
|move|p1a: Metagross|Earthquake|p2a: xM(NT fz2%)7=nI#/h
|-activate|p2a: xM(NT fz2%)7=nI#/h|Substitute|[damage]
|move|p2a: xM(NT fz2%)7=nI#/h|Surf|p1a: Metagross
|-damage|p1a: Metagross|60/100
|
|-heal|p2a: xM(NT fz2%)7=nI#/h|74/100|[from] item: Leftovers
|upkeep
|turn|19
|
|t:|1729722955
|move|p1a: Metagross|Meteor Mash|p2a: xM(NT fz2%)7=nI#/h
|-resisted|p2a: xM(NT fz2%)7=nI#/h
|-end|p2a: xM(NT fz2%)7=nI#/h|Substitute
|-boost|p1a: Metagross|atk|1
|move|p2a: xM(NT fz2%)7=nI#/h|Substitute|p2a: xM(NT fz2%)7=nI#/h
|-start|p2a: xM(NT fz2%)7=nI#/h|Substitute
|-damage|p2a: xM(NT fz2%)7=nI#/h|49/100
|
|-heal|p2a: xM(NT fz2%)7=nI#/h|55/100|[from] item: Leftovers
|upkeep
|turn|20
|inactive|smokingrocks has 240 seconds left.
|
|t:|1729722970
|move|p1a: Metagross|Earthquake|p2a: xM(NT fz2%)7=nI#/h
|-end|p2a: xM(NT fz2%)7=nI#/h|Substitute
|move|p2a: xM(NT fz2%)7=nI#/h|Surf|p1a: Metagross
|-damage|p1a: Metagross|20/100
|
|-enditem|p1a: Metagross|Salac Berry|[eat]
|-boost|p1a: Metagross|spe|1|[from] item: Salac Berry
|-heal|p2a: xM(NT fz2%)7=nI#/h|61/100|[from] item: Leftovers
|upkeep
|turn|21
|inactive|VZR has 270 seconds left.
|inactive|VZR has 240 seconds left.
|inactive|VZR has 210 seconds left.
|inactive|VZR has 180 seconds left.
|
|t:|1729723090
|switch|p2a: nLq4_z3;KsyeDJ&=b|Celebi|100/100
|move|p1a: Metagross|Explosion|p2a: nLq4_z3;KsyeDJ&=b
|-crit|p2a: nLq4_z3;KsyeDJ&=b
|-damage|p2a: nLq4_z3;KsyeDJ&=b|0 fnt
|faint|p1a: Metagross
|faint|p2a: nLq4_z3;KsyeDJ&=b
|inactive|smokingrocks has 240 seconds left.
|
|t:|1729723110
|switch|p1a: Tauros|Tauros, M|100/100
|switch|p2a: m% FZ+nTNacl.i( 7X|Dugtrio, F|100/100
|-ability|p1a: Tauros|Intimidate|boost
|-unboost|p2a: m% FZ+nTNacl.i( 7X|atk|1
|
|upkeep
|turn|22
|
|t:|1729723120
|move|p2a: m% FZ+nTNacl.i( 7X|Earthquake|p1a: Tauros
|-damage|p1a: Tauros|57/100
|move|p1a: Tauros|Earthquake|p2a: m% FZ+nTNacl.i( 7X
|-damage|p2a: m% FZ+nTNacl.i( 7X|0 fnt
|faint|p2a: m% FZ+nTNacl.i( 7X
|
|t:|1729723126
|switch|p2a: v5&@`L8}0yc6V97N*|Raikou|100/100
|
|upkeep
|turn|23
|inactive|VZR has 180 seconds left.
|inactive|smokingrocks has 240 seconds left.
|inactive|smokingrocks has 210 seconds left.
|inactive|smokingrocks has 180 seconds left.
|inactive|smokingrocks has 150 seconds left.
|inactive|smokingrocks has 120 seconds left.
|
|t:|1729723279
|switch|p1a: Magneton|Magneton|100/100
|move|p2a: v5&@`L8}0yc6V97N*|Thunderbolt|p1a: Magneton
|-resisted|p1a: Magneton
|-damage|p1a: Magneton|61/100
|
|upkeep
|turn|24
|inactive|VZR has 180 seconds left.
|inactive|smokingrocks has 90 seconds left.
|
|t:|1729723325
|switch|p2a: vGA#mIl^c76Eg0%/+d|Jirachi|74/100
|move|p1a: Magneton|Thunderbolt|p2a: vGA#mIl^c76Eg0%/+d
|-damage|p2a: vGA#mIl^c76Eg0%/+d|15/100
|
|-heal|p2a: vGA#mIl^c76Eg0%/+d|21/100|[from] item: Leftovers
|upkeep
|turn|25
|inactive|smokingrocks has 60 seconds left.
|
|t:|1729723351
|move|p2a: vGA#mIl^c76Eg0%/+d|Fire Punch|p1a: Magneton
|-supereffective|p1a: Magneton
|-damage|p1a: Magneton|0 fnt
|faint|p1a: Magneton
|inactive|smokingrocks has 60 seconds left.
|
|t:|1729723383
|switch|p1a: Salamence|Salamence, F|100/100
|-ability|p1a: Salamence|Intimidate|boost
|-unboost|p2a: vGA#mIl^c76Eg0%/+d|atk|1
|
|-heal|p2a: vGA#mIl^c76Eg0%/+d|27/100|[from] item: Leftovers
|upkeep
|turn|26
|
|t:|1729723398
|switch|p2a: xM(NT fz2%)7=nI#/h|Suicune, shiny|61/100
|move|p1a: Salamence|Dragon Dance|p1a: Salamence
|-boost|p1a: Salamence|atk|1
|-boost|p1a: Salamence|spe|1
|
|-heal|p2a: xM(NT fz2%)7=nI#/h|68/100|[from] item: Leftovers
|upkeep
|turn|27
|
|t:|1729723407
|move|p1a: Salamence|Rock Slide|p2a: xM(NT fz2%)7=nI#/h
|-damage|p2a: xM(NT fz2%)7=nI#/h|33/100
|move|p2a: xM(NT fz2%)7=nI#/h|Ice Beam|p1a: Salamence
|-supereffective|p1a: Salamence
|-crit|p1a: Salamence
|-damage|p1a: Salamence|0 fnt
|faint|p1a: Salamence
|
|t:|1729723418
|switch|p1a: Tauros|Tauros, M|57/100
|-ability|p1a: Tauros|Intimidate|boost
|-unboost|p2a: xM(NT fz2%)7=nI#/h|atk|1
|
|-heal|p2a: xM(NT fz2%)7=nI#/h|39/100|[from] item: Leftovers
|upkeep
|turn|28
|
|t:|1729723427
|move|p1a: Tauros|Return|p2a: xM(NT fz2%)7=nI#/h
|-damage|p2a: xM(NT fz2%)7=nI#/h|0 fnt
|faint|p2a: xM(NT fz2%)7=nI#/h
|
|t:|1729723435
|switch|p2a: v5&@`L8}0yc6V97N*|Raikou|100/100
|
|upkeep
|turn|29
|
|t:|1729723444
|move|p2a: v5&@`L8}0yc6V97N*|Thunderbolt|p1a: Tauros
|-damage|p1a: Tauros|0 fnt
|faint|p1a: Tauros
|
|t:|1729723446
|switch|p1a: Milotic|Milotic, M|88/100
|
|-heal|p1a: Milotic|94/100|[from] item: Leftovers
|upkeep
|turn|30
|inactive|VZR has 240 seconds left.
|
|t:|1729723452
|move|p2a: v5&@`L8}0yc6V97N*|Thunderbolt|p1a: Milotic
|-supereffective|p1a: Milotic
|-damage|p1a: Milotic|29/100
|move|p1a: Milotic|Ice Beam|p2a: v5&@`L8}0yc6V97N*
|-damage|p2a: v5&@`L8}0yc6V97N*|78/100
|
|-heal|p2a: v5&@`L8}0yc6V97N*|84/100|[from] item: Leftovers
|-heal|p1a: Milotic|35/100|[from] item: Leftovers
|upkeep
|turn|31
|
|t:|1729723458
|move|p2a: v5&@`L8}0yc6V97N*|Thunderbolt|p1a: Milotic
|-supereffective|p1a: Milotic
|-damage|p1a: Milotic|0 fnt
|faint|p1a: Milotic
|
|win|VZR
|c|☆VZR|gg
|c|☆smokingrocks|gg
|player|p1|
|player|p2|
|player|p2|VZR|veteran|

</script>
<script type="application/json" class="data" id="replaydata-smogtours-gen3ou-801459">
{"id":"smogtours-gen3ou-801459","format":"[Gen 3] OU","players":["smokingrocks","VZR"],"uploadtime":1729723458,"views":156,"formatid":"gen3ou","rating":null,"private":0,"password":null}
</script>

<script defer src="js/replays.js?9d40a366"></script>
