<!DOCTYPE html>
<meta charset="utf-8" />
<meta name="viewport" content="width=device-width" />

<title>[Gen 3] OU: HunarPG vs. DiamondDiancie25 - Replays - Pok&eacute;mon Showdown!</title>

<meta name="description" content="Watch a replay of a Pok&eacute;mon battle between HunarPG and DiamondDiancie25! Format: [Gen 3] OU; Date: Oct 13, 2024" />
<!--

Hey, you! Looking in the source for the replay log?

You can find them in JSON format, just add `.json` at the end of a replay URL.

https://replay.pokemonshowdown.com/gen7randomdoublesbattle-865046831.json

Or, if you only need the log itself, add `.log` instead:

https://replay.pokemonshowdown.com/gen7randomdoublesbattle-865046831.log

-->

<link rel="stylesheet" href="//pokemonshowdown.com/style/global.css?0.023195364461161105" />
<link rel="stylesheet" href="//play.pokemonshowdown.com/style/font-awesome.css?0.13261647063804238" />
<link rel="stylesheet" href="//play.pokemonshowdown.com/style/battle.css?0.8753245789963631" />
<link rel="stylesheet" href="//play.pokemonshowdown.com/style/utilichart.css?0.8627959624976733" />

<!-- Global site tag (gtag.js) - Google Analytics -->
<script async src="https://www.googletagmanager.com/gtag/js?id=UA-26211653-1"></script>
<script>
  window.dataLayer = window.dataLayer || [];
  function gtag(){dataLayer.push(arguments);}
  gtag('js', new Date());

  gtag('config', 'UA-26211653-1');
</script>
<!-- End Google Analytics -->
<!-- Venatus Ad Manager - Install in <HEAD> of page -->
	<script src="https://hb.vntsm.com/v3/live/ad-manager.min.js" type="text/javascript" data-site-id="642aba63ec9a7b11c3c9c1be" data-mode="scan" async></script>
<!-- / Venatus Ad Manager -->

<style>
	@media (max-width:820px) {
		.battle {
			margin: 0 auto;
		}
		.battle-log {
			margin: 7px auto 0;
			max-width: 640px;
			height: 300px;
			position: static;
		}
	}
	.optgroup {
		display: inline-block;
		line-height: 22px;
		font-size: 10pt;
	}
	.optgroup .button {
		height: 25px;
		padding-top: 0;
		padding-bottom: 0;
	}
	.optgroup button.button {
		padding-left: 12px;
		padding-right: 12px;
	}
	.linklist {
		list-style: none;
		margin: 0.5em 0;
		padding: 0;
	}
	.linklist li {
		padding: 2px 0;
	}
	.sidebar {
		float: left;
		width: 320px;
	}
	.bar-wrapper {
		max-width: 1100px;
		margin: 0 auto;
	}
	.bar-wrapper.has-sidebar {
		max-width: 1430px;
	}
	.mainbar {
		margin: 0;
		padding-right: 1px;
	}
	.mainbar.has-sidebar {
		margin-left: 330px;
	}
	@media (min-width: 1511px) {
		.sidebar {
			width: 400px;
		}
		.bar-wrapper.has-sidebar {
			max-width: 1510px;
		}
		.mainbar.has-sidebar {
			margin-left: 410px;
		}
	}
	.section.first-section {
		margin-top: 9px;
	}
	.blocklink small {
		white-space: normal;
	}
	.button {
		vertical-align: middle;
	}
	.replay-controls {
		padding-top: 10px;
	}
	.replay-controls h1 {
		font-size: 16pt;
		font-weight: normal;
		color: #CCC;
	}
	.pagelink {
		text-align: center;
	}
	.pagelink a {
		width: 150px;
	}
	.textbox, .button {
		font-size: 11pt;
		vertical-align: middle;
	}
	@media (max-width: 450px) {
		.button {
			font-size: 9pt;
		}
	}
</style>

<div>

	<header>
		<div class="nav-wrapper"><ul class="nav">
			<li><a class="button nav-first" href="//pokemonshowdown.com/"><img src="//pokemonshowdown.com/images/pokemonshowdownbeta.png" srcset="//pokemonshowdown.com/images/pokemonshowdownbeta.png 1x, //pokemonshowdown.com/images/pokemonshowdownbeta@2x.png 2x" alt="Pok&eacute;mon Showdown" width="146" height="44" /> Home</a></li>
			<li><a class="button" href="//pokemonshowdown.com/dex/">Pok&eacute;dex</a></li>
			<li><a class="button cur" href="/">Replays</a></li>
			<li><a class="button" href="//pokemonshowdown.com/ladder/">Ladder</a></li>
			<li><a class="button nav-last" href="//pokemonshowdown.com/forums/">Forum</a></li>
			<li><a class="button greenbutton nav-first nav-last" href="//play.pokemonshowdown.com/">Play</a></li>
		</ul></div>
	</header>

	<div class="main" id="main">

		<noscript><section class="section">You need to enable JavaScript to use this page; sorry!</section></noscript>

	</div>

</div>

<script defer nomodule src="//play.pokemonshowdown.com/js/lib/ps-polyfill.js"></script>
<script defer src="//play.pokemonshowdown.com/js/lib/preact.min.js"></script>

<script defer src="//play.pokemonshowdown.com/config/config.js?2bddbc15"></script>
<script defer src="//play.pokemonshowdown.com/js/lib/jquery-1.11.0.min.js"></script>
<script defer src="//play.pokemonshowdown.com/js/lib/html-sanitizer-minified.js"></script>
<script defer src="//play.pokemonshowdown.com/js/battle-sound.js"></script>
<script defer src="//play.pokemonshowdown.com/js/battledata.js?0.7209276989879541"></script>
<script defer src="//play.pokemonshowdown.com/data/pokedex-mini.js?0.6111056340867951"></script>
<script defer src="//play.pokemonshowdown.com/data/pokedex-mini-bw.js?0.3532142036491459"></script>
<script defer src="//play.pokemonshowdown.com/data/graphics.js?0.24223875632456182"></script>
<script defer src="//play.pokemonshowdown.com/data/pokedex.js?0.38839984266356864"></script>
<script defer src="//play.pokemonshowdown.com/data/moves.js?0.21866028504024015"></script>
<script defer src="//play.pokemonshowdown.com/data/abilities.js?0.2005157953846628"></script>
<script defer src="//play.pokemonshowdown.com/data/items.js?0.9894211263848525"></script>
<script defer src="//play.pokemonshowdown.com/data/teambuilder-tables.js?0.6008791140282215"></script>
<script defer src="//play.pokemonshowdown.com/js/battle-tooltips.js?0.7580118955022959"></script>
<script defer src="//play.pokemonshowdown.com/js/battle.js?0.6057722274234274"></script>

<script defer src="js/utils.js?e31f9a17"></script>
<script defer src="js/replays-battle.js?7008c182"></script>

<!-- don't scrape this data! just add .json or .log after the URL!
Full API docs: https://github.com/smogon/pokemon-showdown-client/blob/master/WEB-API.md -->
<script type="text/plain" class="log" id="replaylog-smogtours-gen3ou-798076">
|inactive|Battle timer is ON: inactive players will automatically lose when time's up.
|t:|1728832846
|gametype|singles
|player|p1|HunarPG|brawly|
|player|p2|DiamondDiancie25|170|
|teamsize|p1|6
|teamsize|p2|6
|gen|3
|tier|[Gen 3] OU
|rule|Sleep Clause Mod: Limit one foe put to sleep
|rule|Switch Priority Clause Mod: Faster Pokémon switch first
|rule|Species Clause: Limit one of each Pokémon
|rule|OHKO Clause: OHKO moves are banned
|rule|Evasion Items Clause: Evasion items are banned
|rule|Evasion Moves Clause: Evasion moves are banned
|rule|Endless Battle Clause: Forcing endless battles is banned
|rule|HP Percentage Mod: HP is shown in percentages
|rule|One Boost Passer Clause: Limit one Baton Passer that has a way to boost its stats
|rule|Freeze Clause Mod: Limit one foe frozen
|
|t:|1728832846
|start
|switch|p1a: Salamence|Salamence, F|100/100
|switch|p2a: Blaziken|Blaziken, M|100/100
|-ability|p1a: Salamence|Intimidate|boost
|-unboost|p2a: Blaziken|atk|1
|turn|1
|inactive|DiamondDiancie25 has 270 seconds left.
|inactive|DiamondDiancie25 has 240 seconds left.
|
|t:|1728832921
|switch|p2a: Zapdos|Zapdos|100/100
|move|p1a: Salamence|Earthquake|p2a: Zapdos
|-immune|p2a: Zapdos
|
|upkeep
|turn|2
|
|t:|1728832939
|switch|p1a: Snorlax|Snorlax, M|100/100
|move|p2a: Zapdos|Thunderbolt|p1a: Snorlax
|-damage|p1a: Snorlax|73/100
|
|-heal|p1a: Snorlax|79/100|[from] item: Leftovers
|upkeep
|turn|3
|inactive|HunarPG has 270 seconds left.
|inactive|HunarPG has 240 seconds left.
|
|t:|1728833004
|move|p1a: Snorlax|Body Slam|p2a: Zapdos
|-crit|p2a: Zapdos
|-damage|p2a: Zapdos|0 fnt
|faint|p2a: Zapdos
|inactive|DiamondDiancie25 has 270 seconds left.
|inactive|DiamondDiancie25 has 240 seconds left.
|
|t:|1728833059
|switch|p2a: Cloyster|Cloyster, F|100/100
|
|-heal|p1a: Snorlax|85/100|[from] item: Leftovers
|upkeep
|turn|4
|inactive|HunarPG has 240 seconds left.
|
|t:|1728833070
|move|p2a: Cloyster|Spikes|p1a: Snorlax
|-sidestart|p1: HunarPG|Spikes
|move|p1a: Snorlax|Self-Destruct|p2a: Cloyster
|-damage|p2a: Cloyster|0 fnt
|faint|p1a: Snorlax
|faint|p2a: Cloyster
|inactive|DiamondDiancie25 has 240 seconds left.
|
|t:|1728833111
|switch|p2a: Flygon|Flygon, M|100/100
|switch|p1a: Salamence|Salamence, F|100/100
|-ability|p1a: Salamence|Intimidate|boost
|-unboost|p2a: Flygon|atk|1
|
|upkeep
|turn|5
|
|t:|1728833124
|move|p2a: Flygon|Dragon Claw|p1a: Salamence
|-supereffective|p1a: Salamence
|-damage|p1a: Salamence|44/100
|move|p1a: Salamence|Hidden Power|p2a: Flygon
|-damage|p2a: Flygon|18/100
|
|-heal|p2a: Flygon|24/100|[from] item: Leftovers
|upkeep
|turn|6
|
|t:|1728833136
|switch|p1a: Claydol|Claydol|100/100
|move|p2a: Flygon|Dragon Claw|p1a: Claydol
|-damage|p1a: Claydol|79/100
|
|-heal|p2a: Flygon|30/100|[from] item: Leftovers
|-heal|p1a: Claydol|85/100|[from] item: Leftovers
|upkeep
|turn|7
|inactive|DiamondDiancie25 has 210 seconds left.
|
|t:|1728833181
|move|p2a: Flygon|Dragon Claw|p1a: Claydol
|-damage|p1a: Claydol|65/100
|move|p1a: Claydol|Rapid Spin|p2a: Flygon
|-damage|p2a: Flygon|21/100
|-sideend|p1: HunarPG|Spikes|[from] move: Rapid Spin|[of] p1a: Claydol
|
|-heal|p2a: Flygon|27/100|[from] item: Leftovers
|-heal|p1a: Claydol|71/100|[from] item: Leftovers
|upkeep
|turn|8
|
|t:|1728833194
|move|p2a: Flygon|Dragon Claw|p1a: Claydol
|-damage|p1a: Claydol|52/100
|move|p1a: Claydol|Shadow Ball|p2a: Flygon
|-damage|p2a: Flygon|0 fnt
|faint|p2a: Flygon
|
|t:|1728833203
|switch|p2a: Blaziken|Blaziken, M|100/100
|
|-heal|p1a: Claydol|58/100|[from] item: Leftovers
|upkeep
|turn|9
|inactive|HunarPG has 270 seconds left.
|
|t:|1728833218
|move|p2a: Blaziken|Overheat|p1a: Claydol
|-damage|p1a: Claydol|0 fnt
|-unboost|p2a: Blaziken|spa|2
|faint|p1a: Claydol
|
|t:|1728833225
|switch|p1a: Salamence|Salamence, F|44/100
|-ability|p1a: Salamence|Intimidate|boost
|-unboost|p2a: Blaziken|atk|1
|
|upkeep
|turn|10
|
|t:|1728833233
|switch|p2a: Aerodactyl|Aerodactyl, F|100/100
|move|p1a: Salamence|Hidden Power|p2a: Aerodactyl
|-resisted|p2a: Aerodactyl
|-crit|p2a: Aerodactyl
|-damage|p2a: Aerodactyl|10/100
|
|upkeep
|turn|11
|
|t:|1728833257
|switch|p1a: Magneton|Magneton|100/100
|move|p2a: Aerodactyl|Earthquake|p1a: Magneton
|-supereffective|p1a: Magneton
|-crit|p1a: Magneton
|-damage|p1a: Magneton|0 fnt
|faint|p1a: Magneton
|
|t:|1728833262
|switch|p1a: Aerodactyl|Aerodactyl, F|100/100
|
|upkeep
|turn|12
|
|t:|1728833271
|move|p2a: Aerodactyl|Earthquake|p1a: Aerodactyl
|-immune|p1a: Aerodactyl
|move|p1a: Aerodactyl|Hidden Power|p2a: Aerodactyl
|-resisted|p2a: Aerodactyl
|-damage|p2a: Aerodactyl|0 fnt
|faint|p2a: Aerodactyl
|
|t:|1728833280
|switch|p2a: Tyranitar|Tyranitar, M|100/100
|-weather|Sandstorm|[from] ability: Sand Stream|[of] p2a: Tyranitar
|
|-weather|Sandstorm|[upkeep]
|upkeep
|turn|13
|
|t:|1728833289
|switch|p1a: Salamence|Salamence, F|44/100
|-ability|p1a: Salamence|Intimidate|boost
|-unboost|p2a: Tyranitar|atk|1
|move|p2a: Tyranitar|Dragon Dance|p2a: Tyranitar
|-boost|p2a: Tyranitar|atk|1
|-boost|p2a: Tyranitar|spe|1
|
|-weather|Sandstorm|[upkeep]
|-damage|p1a: Salamence|38/100|[from] Sandstorm
|upkeep
|turn|14
|
|t:|1728833298
|move|p2a: Tyranitar|Rock Slide|p1a: Salamence
|-supereffective|p1a: Salamence
|-damage|p1a: Salamence|0 fnt
|faint|p1a: Salamence
|
|t:|1728833301
|switch|p1a: Aerodactyl|Aerodactyl, F|100/100
|
|-weather|Sandstorm|[upkeep]
|upkeep
|turn|15
|
|t:|1728833306
|move|p1a: Aerodactyl|Earthquake|p2a: Tyranitar
|-supereffective|p2a: Tyranitar
|-damage|p2a: Tyranitar|14/100
|move|p2a: Tyranitar|Dragon Dance|p2a: Tyranitar
|-boost|p2a: Tyranitar|atk|1
|-boost|p2a: Tyranitar|spe|1
|
|-weather|Sandstorm|[upkeep]
|upkeep
|turn|16
|
|t:|1728833313
|move|p2a: Tyranitar|Rock Slide|p1a: Aerodactyl
|-supereffective|p1a: Aerodactyl
|-damage|p1a: Aerodactyl|0 fnt
|faint|p1a: Aerodactyl
|
|t:|1728833316
|switch|p1a: Tyranitar|Tyranitar, F|100/100
|
|-weather|Sandstorm|[upkeep]
|upkeep
|turn|17
|
|t:|1728833333
|move|p2a: Tyranitar|Earthquake|p1a: Tyranitar
|-supereffective|p1a: Tyranitar
|-damage|p1a: Tyranitar|1/100
|move|p1a: Tyranitar|Earthquake|p2a: Tyranitar
|-supereffective|p2a: Tyranitar
|-damage|p2a: Tyranitar|0 fnt
|faint|p2a: Tyranitar
|inactive|DiamondDiancie25 has 240 seconds left.
|
|t:|1728833339
|switch|p2a: Blaziken|Blaziken, M|100/100
|
|-weather|Sandstorm|[upkeep]
|-damage|p2a: Blaziken|95/100|[from] Sandstorm
|-heal|p1a: Tyranitar|7/100|[from] item: Leftovers
|upkeep
|turn|18
|
|t:|1728833345
|move|p2a: Blaziken|Thunder Punch|p1a: Tyranitar
|-damage|p1a: Tyranitar|0 fnt
|faint|p1a: Tyranitar
|
|win|DiamondDiancie25
|c|☆DiamondDiancie25|ggs bro
|c|☆HunarPG|ggwp

</script>
<script type="application/json" class="data" id="replaydata-smogtours-gen3ou-798076">
{"id":"smogtours-gen3ou-798076","format":"[Gen 3] OU","players":["HunarPG","DiamondDiancie25"],"uploadtime":1728833345,"views":82,"formatid":"gen3ou","rating":null,"private":0,"password":null}
</script>

<script defer src="js/replays.js?9d40a366"></script>
