<!DOCTYPE html>
<meta charset="utf-8" />
<meta name="viewport" content="width=device-width" />

<title>[Gen 3] OU: antantantantant vs. BillGatesAlt - Replays - Pok&eacute;mon Showdown!</title>

<meta name="description" content="Watch a replay of a Pok&eacute;mon battle between antantantantant and BillGatesAlt! Format: [Gen 3] OU; Date: Oct 21, 2024" />
<!--

Hey, you! Looking in the source for the replay log?

You can find them in JSON format, just add `.json` at the end of a replay URL.

https://replay.pokemonshowdown.com/gen7randomdoublesbattle-865046831.json

Or, if you only need the log itself, add `.log` instead:

https://replay.pokemonshowdown.com/gen7randomdoublesbattle-865046831.log

-->

<link rel="stylesheet" href="//pokemonshowdown.com/style/global.css?0.023195364461161105" />
<link rel="stylesheet" href="//play.pokemonshowdown.com/style/font-awesome.css?0.13261647063804238" />
<link rel="stylesheet" href="//play.pokemonshowdown.com/style/battle.css?0.8753245789963631" />
<link rel="stylesheet" href="//play.pokemonshowdown.com/style/utilichart.css?0.8627959624976733" />

<!-- Global site tag (gtag.js) - Google Analytics -->
<script async src="https://www.googletagmanager.com/gtag/js?id=UA-26211653-1"></script>
<script>
  window.dataLayer = window.dataLayer || [];
  function gtag(){dataLayer.push(arguments);}
  gtag('js', new Date());

  gtag('config', 'UA-26211653-1');
</script>
<!-- End Google Analytics -->
<!-- Venatus Ad Manager - Install in <HEAD> of page -->
	<script src="https://hb.vntsm.com/v3/live/ad-manager.min.js" type="text/javascript" data-site-id="642aba63ec9a7b11c3c9c1be" data-mode="scan" async></script>
<!-- / Venatus Ad Manager -->

<style>
	@media (max-width:820px) {
		.battle {
			margin: 0 auto;
		}
		.battle-log {
			margin: 7px auto 0;
			max-width: 640px;
			height: 300px;
			position: static;
		}
	}
	.optgroup {
		display: inline-block;
		line-height: 22px;
		font-size: 10pt;
	}
	.optgroup .button {
		height: 25px;
		padding-top: 0;
		padding-bottom: 0;
	}
	.optgroup button.button {
		padding-left: 12px;
		padding-right: 12px;
	}
	.linklist {
		list-style: none;
		margin: 0.5em 0;
		padding: 0;
	}
	.linklist li {
		padding: 2px 0;
	}
	.sidebar {
		float: left;
		width: 320px;
	}
	.bar-wrapper {
		max-width: 1100px;
		margin: 0 auto;
	}
	.bar-wrapper.has-sidebar {
		max-width: 1430px;
	}
	.mainbar {
		margin: 0;
		padding-right: 1px;
	}
	.mainbar.has-sidebar {
		margin-left: 330px;
	}
	@media (min-width: 1511px) {
		.sidebar {
			width: 400px;
		}
		.bar-wrapper.has-sidebar {
			max-width: 1510px;
		}
		.mainbar.has-sidebar {
			margin-left: 410px;
		}
	}
	.section.first-section {
		margin-top: 9px;
	}
	.blocklink small {
		white-space: normal;
	}
	.button {
		vertical-align: middle;
	}
	.replay-controls {
		padding-top: 10px;
	}
	.replay-controls h1 {
		font-size: 16pt;
		font-weight: normal;
		color: #CCC;
	}
	.pagelink {
		text-align: center;
	}
	.pagelink a {
		width: 150px;
	}
	.textbox, .button {
		font-size: 11pt;
		vertical-align: middle;
	}
	@media (max-width: 450px) {
		.button {
			font-size: 9pt;
		}
	}
</style>

<div>

	<header>
		<div class="nav-wrapper"><ul class="nav">
			<li><a class="button nav-first" href="//pokemonshowdown.com/"><img src="//pokemonshowdown.com/images/pokemonshowdownbeta.png" srcset="//pokemonshowdown.com/images/pokemonshowdownbeta.png 1x, //pokemonshowdown.com/images/pokemonshowdownbeta@2x.png 2x" alt="Pok&eacute;mon Showdown" width="146" height="44" /> Home</a></li>
			<li><a class="button" href="//pokemonshowdown.com/dex/">Pok&eacute;dex</a></li>
			<li><a class="button cur" href="/">Replays</a></li>
			<li><a class="button" href="//pokemonshowdown.com/ladder/">Ladder</a></li>
			<li><a class="button nav-last" href="//pokemonshowdown.com/forums/">Forum</a></li>
			<li><a class="button greenbutton nav-first nav-last" href="//play.pokemonshowdown.com/">Play</a></li>
		</ul></div>
	</header>

	<div class="main" id="main">

		<noscript><section class="section">You need to enable JavaScript to use this page; sorry!</section></noscript>

	</div>

</div>

<script defer nomodule src="//play.pokemonshowdown.com/js/lib/ps-polyfill.js"></script>
<script defer src="//play.pokemonshowdown.com/js/lib/preact.min.js"></script>

<script defer src="//play.pokemonshowdown.com/config/config.js?2bddbc15"></script>
<script defer src="//play.pokemonshowdown.com/js/lib/jquery-1.11.0.min.js"></script>
<script defer src="//play.pokemonshowdown.com/js/lib/html-sanitizer-minified.js"></script>
<script defer src="//play.pokemonshowdown.com/js/battle-sound.js"></script>
<script defer src="//play.pokemonshowdown.com/js/battledata.js?0.7209276989879541"></script>
<script defer src="//play.pokemonshowdown.com/data/pokedex-mini.js?0.6111056340867951"></script>
<script defer src="//play.pokemonshowdown.com/data/pokedex-mini-bw.js?0.3532142036491459"></script>
<script defer src="//play.pokemonshowdown.com/data/graphics.js?0.24223875632456182"></script>
<script defer src="//play.pokemonshowdown.com/data/pokedex.js?0.38839984266356864"></script>
<script defer src="//play.pokemonshowdown.com/data/moves.js?0.21866028504024015"></script>
<script defer src="//play.pokemonshowdown.com/data/abilities.js?0.2005157953846628"></script>
<script defer src="//play.pokemonshowdown.com/data/items.js?0.9894211263848525"></script>
<script defer src="//play.pokemonshowdown.com/data/teambuilder-tables.js?0.6008791140282215"></script>
<script defer src="//play.pokemonshowdown.com/js/battle-tooltips.js?0.7580118955022959"></script>
<script defer src="//play.pokemonshowdown.com/js/battle.js?0.6057722274234274"></script>

<script defer src="js/utils.js?e31f9a17"></script>
<script defer src="js/replays-battle.js?7008c182"></script>

<!-- don't scrape this data! just add .json or .log after the URL!
Full API docs: https://github.com/smogon/pokemon-showdown-client/blob/master/WEB-API.md -->
<script type="text/plain" class="log" id="replaylog-smogtours-gen3ou-800982">
|inactive|Battle timer is ON: inactive players will automatically lose when time's up.
|t:|1729469254
|gametype|singles
|player|p1|antantantantant|169|
|player|p2|BillGatesAlt|clown|
|teamsize|p1|6
|teamsize|p2|6
|gen|3
|tier|[Gen 3] OU
|rule|Sleep Clause Mod: Limit one foe put to sleep
|rule|Switch Priority Clause Mod: Faster Pokémon switch first
|rule|Species Clause: Limit one of each Pokémon
|rule|OHKO Clause: OHKO moves are banned
|rule|Evasion Items Clause: Evasion items are banned
|rule|Evasion Moves Clause: Evasion moves are banned
|rule|Endless Battle Clause: Forcing endless battles is banned
|rule|HP Percentage Mod: HP is shown in percentages
|rule|One Boost Passer Clause: Limit one Baton Passer that has a way to boost its stats
|rule|Freeze Clause Mod: Limit one foe frozen
|
|t:|1729469254
|start
|switch|p1a: Zapdos|Zapdos|100/100
|switch|p2a: Salamence|Salamence, F|100/100
|-ability|p2a: Salamence|Intimidate|boost
|-unboost|p1a: Zapdos|atk|1
|turn|1
|c|☆antantantantant|glgl
|
|t:|1729469282
|move|p2a: Salamence|Rock Slide|p1a: Zapdos
|-supereffective|p1a: Zapdos
|-damage|p1a: Zapdos|0 fnt
|faint|p1a: Zapdos
|
|t:|1729469285
|switch|p1a: Swampert|Swampert, F|100/100
|
|upkeep
|turn|2
|c|☆BillGatesAlt|gl
|
|t:|1729469297
|-singleturn|p1a: Swampert|move: Focus Punch
|switch|p2a: Forretress|Forretress, F|100/100
|move|p1a: Swampert|Focus Punch|p2a: Forretress
|-damage|p2a: Forretress|73/100
|
|-heal|p2a: Forretress|79/100|[from] item: Leftovers
|upkeep
|turn|3
|
|t:|1729469308
|move|p1a: Swampert|Hydro Pump|p2a: Forretress
|-damage|p2a: Forretress|27/100
|move|p2a: Forretress|Spikes|p1a: Swampert
|-sidestart|p1: antantantantant|Spikes
|
|-heal|p2a: Forretress|33/100|[from] item: Leftovers
|upkeep
|turn|4
|
|t:|1729469329
|switch|p2a: Swampert|Swampert, M|100/100
|move|p1a: Swampert|Earthquake|p2a: Swampert
|-damage|p2a: Swampert|77/100
|
|-heal|p2a: Swampert|83/100|[from] item: Leftovers
|upkeep
|turn|5
|
|t:|1729469340
|move|p1a: Swampert|Hydro Pump|p2a: Swampert
|-crit|p2a: Swampert
|-damage|p2a: Swampert|0 fnt
|faint|p2a: Swampert
|c|☆antantantantant|damn
|c|☆antantantantant|mb dude
|inactive|BillGatesAlt has 270 seconds left.
|
|t:|1729469368
|switch|p2a: Forretress|Forretress, F|33/100
|
|-heal|p2a: Forretress|39/100|[from] item: Leftovers
|upkeep
|turn|6
|
|t:|1729469372
|move|p1a: Swampert|Hydro Pump|p2a: Forretress
|-damage|p2a: Forretress|0 fnt
|faint|p2a: Forretress
|inactive|BillGatesAlt has 270 seconds left.
|
|t:|1729469389
|switch|p2a: Zapdos|Zapdos|100/100
|
|upkeep
|turn|7
|
|t:|1729469395
|switch|p1a: Snorlax|Snorlax, M|100/100
|-damage|p1a: Snorlax|88/100|[from] Spikes
|move|p2a: Zapdos|Roar|p1a: Snorlax
|drag|p1a: Salamence|Salamence, M|100/100
|-ability|p1a: Salamence|Intimidate|boost
|-unboost|p2a: Zapdos|atk|1
|
|upkeep
|turn|8
|inactive|BillGatesAlt has 270 seconds left.
|
|t:|1729469416
|switch|p1a: Snorlax|Snorlax, M|88/100
|-damage|p1a: Snorlax|76/100|[from] Spikes
|move|p2a: Zapdos|Thunderbolt|p1a: Snorlax
|-damage|p1a: Snorlax|54/100
|
|-heal|p1a: Snorlax|60/100|[from] item: Leftovers
|upkeep
|turn|9
|inactive|BillGatesAlt has 270 seconds left.
|
|t:|1729469435
|-singleturn|p1a: Snorlax|move: Focus Punch
|move|p2a: Zapdos|Thunderbolt|p1a: Snorlax
|-damage|p1a: Snorlax|38/100
|move|p1a: Snorlax|Focus Punch||[still]
|cant|p1a: Snorlax|Focus Punch|Focus Punch
|
|-heal|p1a: Snorlax|44/100|[from] item: Leftovers
|upkeep
|turn|10
|inactive|BillGatesAlt has 270 seconds left.
|
|t:|1729469443
|move|p1a: Snorlax|Self-Destruct|p2a: Zapdos
|-damage|p2a: Zapdos|0 fnt
|faint|p1a: Snorlax
|faint|p2a: Zapdos
|
|t:|1729469452
|switch|p2a: Blissey|Blissey, F|100/100
|switch|p1a: Salamence|Salamence, M|100/100
|-ability|p1a: Salamence|Intimidate|boost
|-unboost|p2a: Blissey|atk|1
|
|upkeep
|turn|11
|
|t:|1729469461
|switch|p1a: Metagross|Metagross|100/100
|-damage|p1a: Metagross|88/100|[from] Spikes
|move|p2a: Blissey|Ice Beam|p1a: Metagross
|-resisted|p1a: Metagross
|-damage|p1a: Metagross|75/100
|
|upkeep
|turn|12
|
|t:|1729469475
|switch|p2a: Salamence|Salamence, F|100/100
|-ability|p2a: Salamence|Intimidate|boost
|-fail|p1a: Metagross|unboost|[from] ability: Clear Body|[of] p1a: Metagross
|move|p1a: Metagross|Meteor Mash|p2a: Salamence|[miss]
|-miss|p1a: Metagross|p2a: Salamence
|
|upkeep
|turn|13
|
|t:|1729469483
|switch|p1a: Salamence|Salamence, M|100/100
|-ability|p1a: Salamence|Intimidate|boost
|-unboost|p2a: Salamence|atk|1
|move|p2a: Salamence|Earthquake|p1a: Salamence
|-immune|p1a: Salamence
|
|upkeep
|turn|14
|
|t:|1729469493
|switch|p2a: Blissey|Blissey, F|100/100
|move|p1a: Salamence|Brick Break|p2a: Blissey
|-supereffective|p2a: Blissey
|-damage|p2a: Blissey|52/100
|
|-heal|p2a: Blissey|58/100|[from] item: Leftovers
|upkeep
|turn|15
|
|t:|1729469522
|switch|p1a: Metagross|Metagross|75/100
|-damage|p1a: Metagross|62/100|[from] Spikes
|move|p2a: Blissey|Thunder Wave|p1a: Metagross
|-status|p1a: Metagross|par
|
|-heal|p2a: Blissey|65/100|[from] item: Leftovers
|upkeep
|turn|16
|
|t:|1729469536
|switch|p2a: Salamence|Salamence, F|100/100
|-ability|p2a: Salamence|Intimidate|boost
|-fail|p1a: Metagross|unboost|[from] ability: Clear Body|[of] p1a: Metagross
|cant|p1a: Metagross|par
|
|upkeep
|turn|17
|
|t:|1729469551
|move|p2a: Salamence|Rock Slide|p1a: Metagross
|-resisted|p1a: Metagross
|-damage|p1a: Metagross|46/100 par
|cant|p1a: Metagross|flinch
|
|upkeep
|turn|18
|
|t:|1729469557
|move|p2a: Salamence|Rock Slide|p1a: Metagross
|-resisted|p1a: Metagross
|-damage|p1a: Metagross|27/100 par
|cant|p1a: Metagross|flinch
|
|upkeep
|turn|19
|
|t:|1729469564
|move|p2a: Salamence|Rock Slide|p1a: Metagross
|-resisted|p1a: Metagross
|-crit|p1a: Metagross
|-damage|p1a: Metagross|0 fnt
|faint|p1a: Metagross
|
|t:|1729469567
|switch|p1a: Swampert|Swampert, F|100/100
|-damage|p1a: Swampert|88/100|[from] Spikes
|
|-heal|p1a: Swampert|94/100|[from] item: Leftovers
|upkeep
|turn|20
|
|t:|1729469584
|switch|p2a: Blissey|Blissey, F|65/100
|move|p1a: Swampert|Earthquake|p2a: Blissey
|-damage|p2a: Blissey|23/100
|
|-heal|p1a: Swampert|100/100|[from] item: Leftovers
|-heal|p2a: Blissey|29/100|[from] item: Leftovers
|upkeep
|turn|21
|
|t:|1729469593
|switch|p2a: Salamence|Salamence, F|100/100
|-ability|p2a: Salamence|Intimidate|boost
|-unboost|p1a: Swampert|atk|1
|move|p1a: Swampert|Earthquake|p2a: Salamence
|-immune|p2a: Salamence
|
|upkeep
|turn|22
|inactive|BillGatesAlt has 270 seconds left.
|
|t:|1729469624
|switch|p2a: Blissey|Blissey, F|29/100
|move|p1a: Swampert|Ice Beam|p2a: Blissey
|-damage|p2a: Blissey|19/100
|
|-heal|p2a: Blissey|25/100|[from] item: Leftovers
|upkeep
|turn|23
|
|t:|1729469636
|move|p1a: Swampert|Earthquake|p2a: Blissey
|-damage|p2a: Blissey|0 fnt
|faint|p2a: Blissey
|inactive|BillGatesAlt has 270 seconds left.
|
|t:|1729469650
|switch|p2a: Salamence|Salamence, F|100/100
|-ability|p2a: Salamence|Intimidate|boost
|-unboost|p1a: Swampert|atk|1
|
|upkeep
|turn|24
|
|t:|1729469654
|switch|p2a: Tyranitar|Tyranitar, F|100/100
|-weather|Sandstorm|[from] ability: Sand Stream|[of] p2a: Tyranitar
|move|p1a: Swampert|Ice Beam|p2a: Tyranitar
|-damage|p2a: Tyranitar|74/100
|
|-weather|Sandstorm|[upkeep]
|upkeep
|turn|25
|
|t:|1729469663
|-singleturn|p2a: Tyranitar|move: Focus Punch
|move|p1a: Swampert|Hydro Pump|p2a: Tyranitar
|-supereffective|p2a: Tyranitar
|-damage|p2a: Tyranitar|0 fnt
|faint|p2a: Tyranitar
|
|t:|1729469670
|switch|p2a: Salamence|Salamence, F|100/100
|-ability|p2a: Salamence|Intimidate|boost
|-unboost|p1a: Swampert|atk|1
|
|-weather|Sandstorm|[upkeep]
|-damage|p2a: Salamence|94/100|[from] Sandstorm
|upkeep
|turn|26
|
|t:|1729469676
|move|p2a: Salamence|Rock Slide|p1a: Swampert
|-resisted|p1a: Swampert
|-damage|p1a: Swampert|78/100
|move|p1a: Swampert|Ice Beam|p2a: Salamence
|-supereffective|p2a: Salamence
|-damage|p2a: Salamence|0 fnt
|faint|p2a: Salamence
|
|win|antantantantant
|c|☆antantantantant|ggs sorry about the hax
|c|☆BillGatesAlt|gg
|c|☆antantantantant|dd tar in the back
|c|☆BillGatesAlt|no cb
|c|☆antantantantant|nah
|c|☆BillGatesAlt|oh you
|c|☆BillGatesAlt|ok
|c|☆antantantantant|i think this a linearcurve team
|c|☆BillGatesAlt|do you have the replays?
|c|☆antantantantant|yeah i got em
|c|☆antantantantant|gl rest of tour
|c|☆BillGatesAlt|ggs gl
|player|p2|
|player|p2|BillGatesAlt|clown|

</script>
<script type="application/json" class="data" id="replaydata-smogtours-gen3ou-800982">
{"id":"smogtours-gen3ou-800982","format":"[Gen 3] OU","players":["antantantantant","BillGatesAlt"],"uploadtime":1729469676,"views":112,"formatid":"gen3ou","rating":null,"private":0,"password":null}
</script>

<script defer src="js/replays.js?9d40a366"></script>
