<!DOCTYPE html>
<meta charset="utf-8" />
<meta name="viewport" content="width=device-width" />

<title>[Gen 3] OU: zxgzxg vs. yuramas - Replays - Pok&eacute;mon Showdown!</title>

<meta name="description" content="Watch a replay of a Pok&eacute;mon battle between zxgzxg and yuramas! Format: [Gen 3] OU; Date: Oct 2, 2024" />
<!--

Hey, you! Looking in the source for the replay log?

You can find them in JSON format, just add `.json` at the end of a replay URL.

https://replay.pokemonshowdown.com/gen7randomdoublesbattle-865046831.json

Or, if you only need the log itself, add `.log` instead:

https://replay.pokemonshowdown.com/gen7randomdoublesbattle-865046831.log

-->

<link rel="stylesheet" href="//pokemonshowdown.com/style/global.css?0.023195364461161105" />
<link rel="stylesheet" href="//play.pokemonshowdown.com/style/font-awesome.css?0.13261647063804238" />
<link rel="stylesheet" href="//play.pokemonshowdown.com/style/battle.css?0.8753245789963631" />
<link rel="stylesheet" href="//play.pokemonshowdown.com/style/utilichart.css?0.8627959624976733" />

<!-- Global site tag (gtag.js) - Google Analytics -->
<script async src="https://www.googletagmanager.com/gtag/js?id=UA-26211653-1"></script>
<script>
  window.dataLayer = window.dataLayer || [];
  function gtag(){dataLayer.push(arguments);}
  gtag('js', new Date());

  gtag('config', 'UA-26211653-1');
</script>
<!-- End Google Analytics -->
<!-- Venatus Ad Manager - Install in <HEAD> of page -->
	<script src="https://hb.vntsm.com/v3/live/ad-manager.min.js" type="text/javascript" data-site-id="642aba63ec9a7b11c3c9c1be" data-mode="scan" async></script>
<!-- / Venatus Ad Manager -->

<style>
	@media (max-width:820px) {
		.battle {
			margin: 0 auto;
		}
		.battle-log {
			margin: 7px auto 0;
			max-width: 640px;
			height: 300px;
			position: static;
		}
	}
	.optgroup {
		display: inline-block;
		line-height: 22px;
		font-size: 10pt;
	}
	.optgroup .button {
		height: 25px;
		padding-top: 0;
		padding-bottom: 0;
	}
	.optgroup button.button {
		padding-left: 12px;
		padding-right: 12px;
	}
	.linklist {
		list-style: none;
		margin: 0.5em 0;
		padding: 0;
	}
	.linklist li {
		padding: 2px 0;
	}
	.sidebar {
		float: left;
		width: 320px;
	}
	.bar-wrapper {
		max-width: 1100px;
		margin: 0 auto;
	}
	.bar-wrapper.has-sidebar {
		max-width: 1430px;
	}
	.mainbar {
		margin: 0;
		padding-right: 1px;
	}
	.mainbar.has-sidebar {
		margin-left: 330px;
	}
	@media (min-width: 1511px) {
		.sidebar {
			width: 400px;
		}
		.bar-wrapper.has-sidebar {
			max-width: 1510px;
		}
		.mainbar.has-sidebar {
			margin-left: 410px;
		}
	}
	.section.first-section {
		margin-top: 9px;
	}
	.blocklink small {
		white-space: normal;
	}
	.button {
		vertical-align: middle;
	}
	.replay-controls {
		padding-top: 10px;
	}
	.replay-controls h1 {
		font-size: 16pt;
		font-weight: normal;
		color: #CCC;
	}
	.pagelink {
		text-align: center;
	}
	.pagelink a {
		width: 150px;
	}
	.textbox, .button {
		font-size: 11pt;
		vertical-align: middle;
	}
	@media (max-width: 450px) {
		.button {
			font-size: 9pt;
		}
	}
</style>

<div>

	<header>
		<div class="nav-wrapper"><ul class="nav">
			<li><a class="button nav-first" href="//pokemonshowdown.com/"><img src="//pokemonshowdown.com/images/pokemonshowdownbeta.png" srcset="//pokemonshowdown.com/images/pokemonshowdownbeta.png 1x, //pokemonshowdown.com/images/pokemonshowdownbeta@2x.png 2x" alt="Pok&eacute;mon Showdown" width="146" height="44" /> Home</a></li>
			<li><a class="button" href="//pokemonshowdown.com/dex/">Pok&eacute;dex</a></li>
			<li><a class="button cur" href="/">Replays</a></li>
			<li><a class="button" href="//pokemonshowdown.com/ladder/">Ladder</a></li>
			<li><a class="button nav-last" href="//pokemonshowdown.com/forums/">Forum</a></li>
			<li><a class="button greenbutton nav-first nav-last" href="//play.pokemonshowdown.com/">Play</a></li>
		</ul></div>
	</header>

	<div class="main" id="main">

		<noscript><section class="section">You need to enable JavaScript to use this page; sorry!</section></noscript>

	</div>

</div>

<script defer nomodule src="//play.pokemonshowdown.com/js/lib/ps-polyfill.js"></script>
<script defer src="//play.pokemonshowdown.com/js/lib/preact.min.js"></script>

<script defer src="//play.pokemonshowdown.com/config/config.js?2bddbc15"></script>
<script defer src="//play.pokemonshowdown.com/js/lib/jquery-1.11.0.min.js"></script>
<script defer src="//play.pokemonshowdown.com/js/lib/html-sanitizer-minified.js"></script>
<script defer src="//play.pokemonshowdown.com/js/battle-sound.js"></script>
<script defer src="//play.pokemonshowdown.com/js/battledata.js?0.7209276989879541"></script>
<script defer src="//play.pokemonshowdown.com/data/pokedex-mini.js?0.6111056340867951"></script>
<script defer src="//play.pokemonshowdown.com/data/pokedex-mini-bw.js?0.3532142036491459"></script>
<script defer src="//play.pokemonshowdown.com/data/graphics.js?0.24223875632456182"></script>
<script defer src="//play.pokemonshowdown.com/data/pokedex.js?0.38839984266356864"></script>
<script defer src="//play.pokemonshowdown.com/data/moves.js?0.21866028504024015"></script>
<script defer src="//play.pokemonshowdown.com/data/abilities.js?0.2005157953846628"></script>
<script defer src="//play.pokemonshowdown.com/data/items.js?0.9894211263848525"></script>
<script defer src="//play.pokemonshowdown.com/data/teambuilder-tables.js?0.6008791140282215"></script>
<script defer src="//play.pokemonshowdown.com/js/battle-tooltips.js?0.7580118955022959"></script>
<script defer src="//play.pokemonshowdown.com/js/battle.js?0.6057722274234274"></script>

<script defer src="js/utils.js?e31f9a17"></script>
<script defer src="js/replays-battle.js?7008c182"></script>

<!-- don't scrape this data! just add .json or .log after the URL!
Full API docs: https://github.com/smogon/pokemon-showdown-client/blob/master/WEB-API.md -->
<script type="text/plain" class="log" id="replaylog-smogtours-gen3ou-794004">
|inactive|Battle timer is ON: inactive players will automatically lose when time's up.
|t:|1727895842
|gametype|singles
|player|p1|zxgzxg|169|
|player|p2|yuramas|n|
|teamsize|p1|6
|teamsize|p2|6
|gen|3
|tier|[Gen 3] OU
|rule|Sleep Clause Mod: Limit one foe put to sleep
|rule|Switch Priority Clause Mod: Faster Pokémon switch first
|rule|Species Clause: Limit one of each Pokémon
|rule|OHKO Clause: OHKO moves are banned
|rule|Evasion Items Clause: Evasion items are banned
|rule|Evasion Moves Clause: Evasion moves are banned
|rule|Endless Battle Clause: Forcing endless battles is banned
|rule|HP Percentage Mod: HP is shown in percentages
|rule|One Boost Passer Clause: Limit one Baton Passer that has a way to boost its stats
|rule|Freeze Clause Mod: Limit one foe frozen
|
|t:|1727895842
|start
|switch|p1a: Medicham|Medicham, M|100/100
|switch|p2a: Zapdos|Zapdos|100/100
|turn|1
|
|t:|1727895865
|move|p2a: Zapdos|Baton Pass|p2a: Zapdos
|
|t:|1727895873
|switch|p2a: Swampert|Swampert, F|100/100|[from] Baton Pass
|move|p1a: Medicham|Rock Slide|p2a: Swampert
|-resisted|p2a: Swampert
|-crit|p2a: Swampert
|-damage|p2a: Swampert|70/100
|
|-heal|p2a: Swampert|76/100|[from] item: Leftovers
|upkeep
|turn|2
|
|t:|1727895886
|move|p1a: Medicham|Brick Break|p2a: Swampert
|-damage|p2a: Swampert|31/100
|move|p2a: Swampert|Hydro Pump|p1a: Medicham
|-damage|p1a: Medicham|0 fnt
|faint|p1a: Medicham
|
|t:|1727895894
|switch|p1a: Snorlax|Snorlax, M|100/100
|
|-heal|p2a: Swampert|38/100|[from] item: Leftovers
|upkeep
|turn|3
|inactive|yuramas has 270 seconds left.
|
|t:|1727895926
|switch|p2a: Celebi|Celebi|100/100
|move|p1a: Snorlax|Body Slam|p2a: Celebi
|-damage|p2a: Celebi|69/100
|
|-heal|p2a: Celebi|75/100|[from] item: Leftovers
|upkeep
|turn|4
|inactive|yuramas has 270 seconds left.
|
|t:|1727895955
|move|p2a: Celebi|Calm Mind|p2a: Celebi
|-boost|p2a: Celebi|spa|1
|-boost|p2a: Celebi|spd|1
|move|p1a: Snorlax|Body Slam|p2a: Celebi
|-damage|p2a: Celebi|44/100
|
|-heal|p2a: Celebi|50/100|[from] item: Leftovers
|upkeep
|turn|5
|
|t:|1727895970
|move|p2a: Celebi|Baton Pass|p2a: Celebi
|
|t:|1727895972
|switch|p2a: Gengar|Gengar, M|100/100|[from] Baton Pass
|move|p1a: Snorlax|Body Slam|p2a: Gengar
|-immune|p2a: Gengar
|
|upkeep
|turn|6
|
|t:|1727895992
|switch|p2a: Metagross|Metagross|100/100
|move|p1a: Snorlax|Shadow Ball|p2a: Metagross
|-damage|p2a: Metagross|82/100
|
|upkeep
|turn|7
|
|t:|1727895998
|move|p2a: Metagross|Meteor Mash|p1a: Snorlax
|-damage|p1a: Snorlax|27/100
|move|p1a: Snorlax|Earthquake|p2a: Metagross
|-supereffective|p2a: Metagross
|-damage|p2a: Metagross|28/100
|
|-heal|p1a: Snorlax|33/100|[from] item: Leftovers
|upkeep
|turn|8
|
|t:|1727896009
|switch|p1a: Magneton|Magneton|100/100
|move|p2a: Metagross|Meteor Mash|p1a: Magneton
|-resisted|p1a: Magneton
|-damage|p1a: Magneton|70/100
|
|upkeep
|turn|9
|
|t:|1727896012
|move|p1a: Magneton|Hidden Power|p2a: Metagross
|-supereffective|p2a: Metagross
|-damage|p2a: Metagross|0 fnt
|faint|p2a: Metagross
|inactive|yuramas has 270 seconds left.
|
|t:|1727896040
|switch|p2a: Charizard|Charizard, M|100/100
|
|upkeep
|turn|10
|
|t:|1727896043
|switch|p1a: Suicune|Suicune|100/100
|move|p2a: Charizard|Fire Blast|p1a: Suicune
|-resisted|p1a: Suicune
|-damage|p1a: Suicune|80/100
|
|-heal|p1a: Suicune|87/100|[from] item: Leftovers
|upkeep
|turn|11
|inactive|yuramas has 270 seconds left.
|
|t:|1727896050
|switch|p2a: Zapdos|Zapdos|100/100
|move|p1a: Suicune|Ice Beam|p2a: Zapdos
|-supereffective|p2a: Zapdos
|-damage|p2a: Zapdos|50/100
|-status|p2a: Zapdos|frz
|
|-heal|p2a: Zapdos|57/100 frz|[from] item: Leftovers
|-heal|p1a: Suicune|93/100|[from] item: Leftovers
|upkeep
|turn|12
|inactive|yuramas has 270 seconds left.
|
|t:|1727896081
|switch|p2a: Celebi|Celebi|50/100
|move|p1a: Suicune|Calm Mind|p1a: Suicune
|-boost|p1a: Suicune|spa|1
|-boost|p1a: Suicune|spd|1
|
|-heal|p2a: Celebi|56/100|[from] item: Leftovers
|-heal|p1a: Suicune|99/100|[from] item: Leftovers
|upkeep
|turn|13
|
|t:|1727896092
|move|p2a: Celebi|Calm Mind|p2a: Celebi
|-boost|p2a: Celebi|spa|1
|-boost|p2a: Celebi|spd|1
|move|p1a: Suicune|Ice Beam|p2a: Celebi
|-supereffective|p2a: Celebi
|-damage|p2a: Celebi|12/100
|
|-heal|p2a: Celebi|18/100|[from] item: Leftovers
|-heal|p1a: Suicune|100/100|[from] item: Leftovers
|upkeep
|turn|14
|inactive|yuramas has 240 seconds left.
|
|t:|1727896127
|move|p2a: Celebi|Baton Pass|p2a: Celebi
|
|t:|1727896129
|switch|p2a: Gengar|Gengar, M|100/100|[from] Baton Pass
|move|p1a: Suicune|Ice Beam|p2a: Gengar
|-damage|p2a: Gengar|63/100
|
|-heal|p2a: Gengar|69/100|[from] item: Leftovers
|upkeep
|turn|15
|
|t:|1727896137
|move|p2a: Gengar|Thunderbolt|p1a: Suicune
|-supereffective|p1a: Suicune
|-crit|p1a: Suicune
|-damage|p1a: Suicune|0 fnt
|faint|p1a: Suicune
|
|t:|1727896142
|switch|p1a: Snorlax|Snorlax, M|33/100
|
|-heal|p2a: Gengar|75/100|[from] item: Leftovers
|-heal|p1a: Snorlax|39/100|[from] item: Leftovers
|upkeep
|turn|16
|inactive|yuramas has 240 seconds left.
|inactive|yuramas has 210 seconds left.
|
|t:|1727896194
|switch|p2a: Celebi|Celebi|18/100
|move|p1a: Snorlax|Shadow Ball|p2a: Celebi
|-supereffective|p2a: Celebi
|-damage|p2a: Celebi|0 fnt
|faint|p2a: Celebi
|inactive|yuramas has 210 seconds left.
|
|t:|1727896207
|switch|p2a: Charizard|Charizard, M|100/100
|
|-heal|p1a: Snorlax|45/100|[from] item: Leftovers
|upkeep
|turn|17
|
|t:|1727896228
|move|p2a: Charizard|Substitute|p2a: Charizard
|-start|p2a: Charizard|Substitute
|-damage|p2a: Charizard|76/100
|move|p1a: Snorlax|Self-Destruct|p2a: Charizard
|-end|p2a: Charizard|Substitute
|faint|p1a: Snorlax
|
|t:|1727896232
|switch|p1a: Salamence|Salamence, M|100/100
|-ability|p1a: Salamence|Intimidate|boost
|-unboost|p2a: Charizard|atk|1
|
|-heal|p2a: Charizard|82/100|[from] item: Leftovers
|upkeep
|turn|18
|inactive|yuramas has 210 seconds left.
|inactive|yuramas has 180 seconds left.
|inactive|yuramas has 150 seconds left.
|
|t:|1727896325
|move|p2a: Charizard|Fire Blast|p1a: Salamence
|-resisted|p1a: Salamence
|-damage|p1a: Salamence|70/100
|move|p1a: Salamence|Dragon Dance|p1a: Salamence
|-boost|p1a: Salamence|atk|1
|-boost|p1a: Salamence|spe|1
|
|-heal|p1a: Salamence|76/100|[from] item: Leftovers
|-heal|p2a: Charizard|88/100|[from] item: Leftovers
|upkeep
|turn|19
|
|t:|1727896335
|move|p1a: Salamence|Rock Slide|p2a: Charizard
|-supereffective|p2a: Charizard
|-damage|p2a: Charizard|0 fnt
|faint|p2a: Charizard
|
|t:|1727896338
|switch|p2a: Gengar|Gengar, M|75/100
|
|-heal|p1a: Salamence|82/100|[from] item: Leftovers
|-heal|p2a: Gengar|81/100|[from] item: Leftovers
|upkeep
|turn|20
|
|t:|1727896347
|move|p1a: Salamence|Hidden Power|p2a: Gengar
|-damage|p2a: Gengar|0 fnt
|faint|p2a: Gengar
|
|t:|1727896349
|switch|p2a: Zapdos|Zapdos|57/100 frz
|
|-heal|p1a: Salamence|88/100|[from] item: Leftovers
|-heal|p2a: Zapdos|63/100 frz|[from] item: Leftovers
|upkeep
|turn|21
|
|t:|1727896352
|move|p1a: Salamence|Rock Slide|p2a: Zapdos
|-supereffective|p2a: Zapdos
|-damage|p2a: Zapdos|0 fnt
|faint|p2a: Zapdos
|
|t:|1727896364
|switch|p2a: Swampert|Swampert, F|38/100
|
|-heal|p1a: Salamence|94/100|[from] item: Leftovers
|-heal|p2a: Swampert|44/100|[from] item: Leftovers
|upkeep
|turn|22
|
|t:|1727896367
|move|p1a: Salamence|Hidden Power|p2a: Swampert
|-damage|p2a: Swampert|0 fnt
|faint|p2a: Swampert
|
|win|zxgzxg
|c|☆zxgzxg|gg1
|c|☆yuramas|gg

</script>
<script type="application/json" class="data" id="replaydata-smogtours-gen3ou-794004">
{"id":"smogtours-gen3ou-794004","format":"[Gen 3] OU","players":["zxgzxg","yuramas"],"uploadtime":1727896367,"views":100,"formatid":"gen3ou","rating":null,"private":0,"password":null}
</script>

<script defer src="js/replays.js?9d40a366"></script>
