<!DOCTYPE html>
<meta charset="utf-8" />
<meta name="viewport" content="width=device-width" />

<title>[Gen 3] OU: crustaceus vs. zacpz - Replays - Pok&eacute;mon Showdown!</title>

<meta name="description" content="Watch a replay of a Pok&eacute;mon battle between crustaceus and zacpz! Format: [Gen 3] OU; Date: Oct 17, 2024" />
<!--

Hey, you! Looking in the source for the replay log?

You can find them in JSON format, just add `.json` at the end of a replay URL.

https://replay.pokemonshowdown.com/gen7randomdoublesbattle-865046831.json

Or, if you only need the log itself, add `.log` instead:

https://replay.pokemonshowdown.com/gen7randomdoublesbattle-865046831.log

-->

<link rel="stylesheet" href="//pokemonshowdown.com/style/global.css?0.023195364461161105" />
<link rel="stylesheet" href="//play.pokemonshowdown.com/style/font-awesome.css?0.13261647063804238" />
<link rel="stylesheet" href="//play.pokemonshowdown.com/style/battle.css?0.8753245789963631" />
<link rel="stylesheet" href="//play.pokemonshowdown.com/style/utilichart.css?0.8627959624976733" />

<!-- Global site tag (gtag.js) - Google Analytics -->
<script async src="https://www.googletagmanager.com/gtag/js?id=UA-26211653-1"></script>
<script>
  window.dataLayer = window.dataLayer || [];
  function gtag(){dataLayer.push(arguments);}
  gtag('js', new Date());

  gtag('config', 'UA-26211653-1');
</script>
<!-- End Google Analytics -->
<!-- Venatus Ad Manager - Install in <HEAD> of page -->
	<script src="https://hb.vntsm.com/v3/live/ad-manager.min.js" type="text/javascript" data-site-id="642aba63ec9a7b11c3c9c1be" data-mode="scan" async></script>
<!-- / Venatus Ad Manager -->

<style>
	@media (max-width:820px) {
		.battle {
			margin: 0 auto;
		}
		.battle-log {
			margin: 7px auto 0;
			max-width: 640px;
			height: 300px;
			position: static;
		}
	}
	.optgroup {
		display: inline-block;
		line-height: 22px;
		font-size: 10pt;
	}
	.optgroup .button {
		height: 25px;
		padding-top: 0;
		padding-bottom: 0;
	}
	.optgroup button.button {
		padding-left: 12px;
		padding-right: 12px;
	}
	.linklist {
		list-style: none;
		margin: 0.5em 0;
		padding: 0;
	}
	.linklist li {
		padding: 2px 0;
	}
	.sidebar {
		float: left;
		width: 320px;
	}
	.bar-wrapper {
		max-width: 1100px;
		margin: 0 auto;
	}
	.bar-wrapper.has-sidebar {
		max-width: 1430px;
	}
	.mainbar {
		margin: 0;
		padding-right: 1px;
	}
	.mainbar.has-sidebar {
		margin-left: 330px;
	}
	@media (min-width: 1511px) {
		.sidebar {
			width: 400px;
		}
		.bar-wrapper.has-sidebar {
			max-width: 1510px;
		}
		.mainbar.has-sidebar {
			margin-left: 410px;
		}
	}
	.section.first-section {
		margin-top: 9px;
	}
	.blocklink small {
		white-space: normal;
	}
	.button {
		vertical-align: middle;
	}
	.replay-controls {
		padding-top: 10px;
	}
	.replay-controls h1 {
		font-size: 16pt;
		font-weight: normal;
		color: #CCC;
	}
	.pagelink {
		text-align: center;
	}
	.pagelink a {
		width: 150px;
	}
	.textbox, .button {
		font-size: 11pt;
		vertical-align: middle;
	}
	@media (max-width: 450px) {
		.button {
			font-size: 9pt;
		}
	}
</style>

<div>

	<header>
		<div class="nav-wrapper"><ul class="nav">
			<li><a class="button nav-first" href="//pokemonshowdown.com/"><img src="//pokemonshowdown.com/images/pokemonshowdownbeta.png" srcset="//pokemonshowdown.com/images/pokemonshowdownbeta.png 1x, //pokemonshowdown.com/images/pokemonshowdownbeta@2x.png 2x" alt="Pok&eacute;mon Showdown" width="146" height="44" /> Home</a></li>
			<li><a class="button" href="//pokemonshowdown.com/dex/">Pok&eacute;dex</a></li>
			<li><a class="button cur" href="/">Replays</a></li>
			<li><a class="button" href="//pokemonshowdown.com/ladder/">Ladder</a></li>
			<li><a class="button nav-last" href="//pokemonshowdown.com/forums/">Forum</a></li>
			<li><a class="button greenbutton nav-first nav-last" href="//play.pokemonshowdown.com/">Play</a></li>
		</ul></div>
	</header>

	<div class="main" id="main">

		<noscript><section class="section">You need to enable JavaScript to use this page; sorry!</section></noscript>

	</div>

</div>

<script defer nomodule src="//play.pokemonshowdown.com/js/lib/ps-polyfill.js"></script>
<script defer src="//play.pokemonshowdown.com/js/lib/preact.min.js"></script>

<script defer src="//play.pokemonshowdown.com/config/config.js?2bddbc15"></script>
<script defer src="//play.pokemonshowdown.com/js/lib/jquery-1.11.0.min.js"></script>
<script defer src="//play.pokemonshowdown.com/js/lib/html-sanitizer-minified.js"></script>
<script defer src="//play.pokemonshowdown.com/js/battle-sound.js"></script>
<script defer src="//play.pokemonshowdown.com/js/battledata.js?0.7209276989879541"></script>
<script defer src="//play.pokemonshowdown.com/data/pokedex-mini.js?0.6111056340867951"></script>
<script defer src="//play.pokemonshowdown.com/data/pokedex-mini-bw.js?0.3532142036491459"></script>
<script defer src="//play.pokemonshowdown.com/data/graphics.js?0.24223875632456182"></script>
<script defer src="//play.pokemonshowdown.com/data/pokedex.js?0.38839984266356864"></script>
<script defer src="//play.pokemonshowdown.com/data/moves.js?0.21866028504024015"></script>
<script defer src="//play.pokemonshowdown.com/data/abilities.js?0.2005157953846628"></script>
<script defer src="//play.pokemonshowdown.com/data/items.js?0.9894211263848525"></script>
<script defer src="//play.pokemonshowdown.com/data/teambuilder-tables.js?0.6008791140282215"></script>
<script defer src="//play.pokemonshowdown.com/js/battle-tooltips.js?0.7580118955022959"></script>
<script defer src="//play.pokemonshowdown.com/js/battle.js?0.6057722274234274"></script>

<script defer src="js/utils.js?e31f9a17"></script>
<script defer src="js/replays-battle.js?7008c182"></script>

<!-- don't scrape this data! just add .json or .log after the URL!
Full API docs: https://github.com/smogon/pokemon-showdown-client/blob/master/WEB-API.md -->
<script type="text/plain" class="log" id="replaylog-smogtours-gen3ou-799381">
|inactive|Battle timer is ON: inactive players will automatically lose when time's up.
|t:|1729199107
|gametype|singles
|player|p1|crustaceus|2|
|player|p2|zacpz|#roaplxyorknewyanma|
|teamsize|p1|6
|teamsize|p2|6
|gen|3
|tier|[Gen 3] OU
|rule|Sleep Clause Mod: Limit one foe put to sleep
|rule|Switch Priority Clause Mod: Faster Pokémon switch first
|rule|Species Clause: Limit one of each Pokémon
|rule|OHKO Clause: OHKO moves are banned
|rule|Evasion Items Clause: Evasion items are banned
|rule|Evasion Moves Clause: Evasion moves are banned
|rule|Endless Battle Clause: Forcing endless battles is banned
|rule|HP Percentage Mod: HP is shown in percentages
|rule|One Boost Passer Clause: Limit one Baton Passer that has a way to boost its stats
|rule|Freeze Clause Mod: Limit one foe frozen
|
|t:|1729199107
|start
|switch|p1a: Mashina|Metagross, shiny|100/100
|switch|p2a: Tyranitar|Tyranitar, F|100/100
|-weather|Sandstorm|[from] ability: Sand Stream|[of] p2a: Tyranitar
|turn|1
|c|☆zacpz|yo
|c|☆zacpz|gl hf
|c|☆crustaceus|hf
|
|t:|1729199128
|move|p2a: Tyranitar|Fire Blast|p1a: Mashina
|-supereffective|p1a: Mashina
|-crit|p1a: Mashina
|-damage|p1a: Mashina|0 fnt
|faint|p1a: Mashina
|c|☆zacpz|wow sorry
|
|t:|1729199137
|switch|p1a: Zemene|Dugtrio, M, shiny|100/100
|
|-weather|Sandstorm|[upkeep]
|upkeep
|turn|2
|c|☆crustaceus|np
|
|t:|1729199143
|move|p1a: Zemene|Earthquake|p2a: Tyranitar
|-supereffective|p2a: Tyranitar
|-damage|p2a: Tyranitar|0 fnt
|faint|p2a: Tyranitar
|c|☆crustaceus|hope this kills
|c|☆crustaceus|ok we good
|
|t:|1729199153
|switch|p2a: Swampert|Swampert, M|100/100
|
|-weather|Sandstorm|[upkeep]
|upkeep
|turn|3
|
|t:|1729199168
|switch|p1a: Spoks|Gengar, M, shiny|100/100
|move|p2a: Swampert|Hydro Pump|p1a: Spoks
|-damage|p1a: Spoks|55/100
|
|-weather|Sandstorm|[upkeep]
|-damage|p1a: Spoks|48/100|[from] Sandstorm
|-heal|p1a: Spoks|55/100|[from] item: Leftovers
|upkeep
|turn|4
|
|t:|1729199178
|move|p2a: Swampert|Protect|p2a: Swampert
|-singleturn|p2a: Swampert|Protect
|move|p1a: Spoks|Will-O-Wisp|p2a: Swampert
|-activate|p2a: Swampert|Protect
|
|-weather|Sandstorm|[upkeep]
|-damage|p1a: Spoks|48/100|[from] Sandstorm
|-heal|p1a: Spoks|55/100|[from] item: Leftovers
|upkeep
|turn|5
|
|t:|1729199181
|move|p1a: Spoks|Giga Drain|p2a: Swampert
|-supereffective|p2a: Swampert
|-damage|p2a: Swampert|36/100
|-heal|p1a: Spoks|95/100|[from] drain|[of] p2a: Swampert
|move|p2a: Swampert|Hydro Pump|p1a: Spoks
|-damage|p1a: Spoks|49/100
|
|-weather|Sandstorm|[upkeep]
|-damage|p1a: Spoks|43/100|[from] Sandstorm
|-heal|p1a: Spoks|49/100|[from] item: Leftovers
|-heal|p2a: Swampert|42/100|[from] item: Leftovers
|upkeep
|turn|6
|
|t:|1729199187
|switch|p2a: Aerodactyl|Aerodactyl, M|100/100
|move|p1a: Spoks|Giga Drain|p2a: Aerodactyl
|-damage|p2a: Aerodactyl|74/100
|-heal|p1a: Spoks|61/100|[from] drain|[of] p2a: Aerodactyl
|
|-weather|Sandstorm|[upkeep]
|-damage|p1a: Spoks|55/100|[from] Sandstorm
|-heal|p1a: Spoks|61/100|[from] item: Leftovers
|upkeep
|turn|7
|
|t:|1729199194
|switch|p1a: Bumbas|Claydol|100/100
|move|p2a: Aerodactyl|Substitute|p2a: Aerodactyl
|-start|p2a: Aerodactyl|Substitute
|-damage|p2a: Aerodactyl|49/100
|
|-weather|Sandstorm|[upkeep]
|upkeep
|turn|8
|
|t:|1729199199
|move|p2a: Aerodactyl|Double-Edge|p1a: Bumbas
|-damage|p1a: Bumbas|68/100
|move|p1a: Bumbas|Psychic|p2a: Aerodactyl
|-end|p2a: Aerodactyl|Substitute
|
|-weather|Sandstorm|[upkeep]
|-heal|p1a: Bumbas|75/100|[from] item: Leftovers
|upkeep
|turn|9
|
|t:|1729199209
|switch|p2a: Celebi|Celebi|100/100
|move|p1a: Bumbas|Psychic|p2a: Celebi
|-resisted|p2a: Celebi
|-damage|p2a: Celebi|90/100
|
|-weather|Sandstorm|[upkeep]
|-damage|p2a: Celebi|84/100|[from] Sandstorm
|-heal|p2a: Celebi|90/100|[from] item: Leftovers
|-heal|p1a: Bumbas|81/100|[from] item: Leftovers
|upkeep
|turn|10
|
|t:|1729199229
|switch|p2a: Swampert|Swampert, M|42/100
|switch|p1a: Olas|Blissey, F, shiny|100/100
|
|-weather|Sandstorm|[upkeep]
|-damage|p1a: Olas|94/100|[from] Sandstorm
|-heal|p1a: Olas|100/100|[from] item: Leftovers
|-heal|p2a: Swampert|49/100|[from] item: Leftovers
|upkeep
|turn|11
|
|t:|1729199248
|switch|p1a: Spoks|Gengar, M, shiny|61/100
|move|p2a: Swampert|Protect||[still]
|-fail|p2a: Swampert
|
|-weather|Sandstorm|[upkeep]
|-damage|p1a: Spoks|55/100|[from] Sandstorm
|-heal|p1a: Spoks|61/100|[from] item: Leftovers
|-heal|p2a: Swampert|55/100|[from] item: Leftovers
|upkeep
|turn|12
|
|t:|1729199255
|move|p2a: Swampert|Protect|p2a: Swampert
|-singleturn|p2a: Swampert|Protect
|move|p1a: Spoks|Will-O-Wisp|p2a: Swampert
|-activate|p2a: Swampert|Protect
|
|-weather|Sandstorm|[upkeep]
|-damage|p1a: Spoks|55/100|[from] Sandstorm
|-heal|p1a: Spoks|61/100|[from] item: Leftovers
|-heal|p2a: Swampert|61/100|[from] item: Leftovers
|upkeep
|turn|13
|
|t:|1729199273
|switch|p2a: Magneton|Magneton|100/100
|move|p1a: Spoks|Giga Drain|p2a: Magneton
|-resisted|p2a: Magneton
|-damage|p2a: Magneton|85/100
|-heal|p1a: Spoks|67/100|[from] drain|[of] p2a: Magneton
|
|-weather|Sandstorm|[upkeep]
|-damage|p1a: Spoks|61/100|[from] Sandstorm
|-heal|p1a: Spoks|67/100|[from] item: Leftovers
|upkeep
|turn|14
|
|t:|1729199286
|switch|p1a: Olas|Blissey, F, shiny|100/100
|move|p2a: Magneton|Toxic|p1a: Olas
|-status|p1a: Olas|tox
|
|-weather|Sandstorm|[upkeep]
|-damage|p1a: Olas|94/100 tox|[from] Sandstorm
|-heal|p1a: Olas|100/100 tox|[from] item: Leftovers
|-damage|p1a: Olas|94/100 tox|[from] psn
|upkeep
|turn|15
|inactive|crustaceus has 270 seconds left.
|
|t:|1729199307
|-curestatus|p1a: Olas|tox|[from] ability: Natural Cure
|switch|p1a: Gulet|Snorlax, M, shiny|100/100
|move|p2a: Magneton|Toxic|p1a: Gulet
|-immune|p1a: Gulet|[from] ability: Immunity
|
|-weather|Sandstorm|[upkeep]
|-damage|p1a: Gulet|94/100|[from] Sandstorm
|-heal|p1a: Gulet|100/100|[from] item: Leftovers
|upkeep
|turn|16
|inactive|crustaceus has 270 seconds left.
|
|t:|1729199319
|move|p2a: Magneton|Thunderbolt|p1a: Gulet
|-damage|p1a: Gulet|69/100
|move|p1a: Gulet|Flamethrower|p2a: Magneton
|-supereffective|p2a: Magneton
|-damage|p2a: Magneton|24/100
|
|-weather|Sandstorm|[upkeep]
|-damage|p1a: Gulet|62/100|[from] Sandstorm
|-heal|p1a: Gulet|69/100|[from] item: Leftovers
|upkeep
|turn|17
|
|t:|1729199325
|move|p2a: Magneton|Thunderbolt|p1a: Gulet
|-damage|p1a: Gulet|36/100
|move|p1a: Gulet|Body Slam|p2a: Magneton
|-resisted|p2a: Magneton
|-damage|p2a: Magneton|1/100
|
|-weather|Sandstorm|[upkeep]
|-damage|p1a: Gulet|30/100|[from] Sandstorm
|-heal|p1a: Gulet|36/100|[from] item: Leftovers
|upkeep
|turn|18
|
|t:|1729199330
|switch|p1a: Olas|Blissey, F, shiny|94/100
|move|p2a: Magneton|Thunderbolt|p1a: Olas
|-crit|p1a: Olas
|-damage|p1a: Olas|47/100
|
|-weather|Sandstorm|[upkeep]
|-damage|p1a: Olas|41/100|[from] Sandstorm
|-heal|p1a: Olas|47/100|[from] item: Leftovers
|upkeep
|turn|19
|c|☆crustaceus|annoying
|
|t:|1729199339
|move|p2a: Magneton|Toxic|p1a: Olas
|-status|p1a: Olas|tox
|move|p1a: Olas|Soft-Boiled|p1a: Olas
|-heal|p1a: Olas|97/100 tox
|
|-weather|Sandstorm|[upkeep]
|-damage|p1a: Olas|91/100 tox|[from] Sandstorm
|-heal|p1a: Olas|97/100 tox|[from] item: Leftovers
|-damage|p1a: Olas|91/100 tox|[from] psn
|upkeep
|turn|20
|
|t:|1729199346
|move|p2a: Magneton|Thunderbolt|p1a: Olas
|-damage|p1a: Olas|67/100 tox
|move|p1a: Olas|Ice Beam|p2a: Magneton
|-resisted|p2a: Magneton
|-damage|p2a: Magneton|0 fnt
|faint|p2a: Magneton
|
|t:|1729199349
|switch|p2a: Celebi|Celebi|90/100
|
|-weather|Sandstorm|[upkeep]
|-damage|p2a: Celebi|84/100|[from] Sandstorm
|-damage|p1a: Olas|61/100 tox|[from] Sandstorm
|-heal|p2a: Celebi|90/100|[from] item: Leftovers
|-heal|p1a: Olas|67/100 tox|[from] item: Leftovers
|-damage|p1a: Olas|55/100 tox|[from] psn
|upkeep
|turn|21
|
|t:|1729199356
|-curestatus|p1a: Olas|tox|[from] ability: Natural Cure
|switch|p1a: Gulet|Snorlax, M, shiny|36/100
|move|p2a: Celebi|Swords Dance|p2a: Celebi
|-boost|p2a: Celebi|atk|2
|
|-weather|Sandstorm|[upkeep]
|-damage|p2a: Celebi|84/100|[from] Sandstorm
|-damage|p1a: Gulet|30/100|[from] Sandstorm
|-heal|p2a: Celebi|90/100|[from] item: Leftovers
|-heal|p1a: Gulet|36/100|[from] item: Leftovers
|upkeep
|turn|22
|
|t:|1729199361
|move|p2a: Celebi|Hidden Power|p1a: Gulet
|-supereffective|p1a: Gulet
|-damage|p1a: Gulet|0 fnt
|faint|p1a: Gulet
|inactive|crustaceus has 270 seconds left.
|
|t:|1729199415
|switch|p1a: Zemene|Dugtrio, M, shiny|100/100
|
|-weather|Sandstorm|[upkeep]
|-damage|p2a: Celebi|84/100|[from] Sandstorm
|-heal|p2a: Celebi|90/100|[from] item: Leftovers
|upkeep
|turn|23
|
|t:|1729199422
|move|p1a: Zemene|Hidden Power|p2a: Celebi
|-supereffective|p2a: Celebi
|-damage|p2a: Celebi|5/100
|move|p2a: Celebi|Baton Pass|p2a: Celebi
|
|t:|1729199428
|switch|p2a: Metagross|Metagross|100/100|[from] Baton Pass
|
|-weather|Sandstorm|[upkeep]
|upkeep
|turn|24
|inactive|crustaceus has 270 seconds left.
|
|t:|1729199456
|switch|p1a: Olas|Blissey, F, shiny|55/100
|move|p2a: Metagross|Agility|p2a: Metagross
|-boost|p2a: Metagross|spe|2
|
|-weather|Sandstorm|[upkeep]
|-damage|p1a: Olas|49/100|[from] Sandstorm
|-heal|p1a: Olas|55/100|[from] item: Leftovers
|upkeep
|turn|25
|c|☆crustaceus|so cooked here
|
|t:|1729199494
|move|p2a: Metagross|Earthquake|p1a: Olas
|-damage|p1a: Olas|0 fnt
|faint|p1a: Olas
|c|☆crustaceus|mag did big work 
|c|☆zacpz|yeah
|
|t:|1729199509
|switch|p1a: Zemene|Dugtrio, M, shiny|100/100
|
|-weather|Sandstorm|[upkeep]
|upkeep
|turn|26
|c|☆zacpz|im not sure your snorlax evs are good
|
|t:|1729199512
|move|p2a: Metagross|Earthquake|p1a: Zemene
|-damage|p1a: Zemene|0 fnt
|faint|p1a: Zemene
|
|t:|1729199518
|switch|p1a: Bumbas|Claydol|81/100
|
|-weather|Sandstorm|[upkeep]
|-heal|p1a: Bumbas|87/100|[from] item: Leftovers
|upkeep
|turn|27
|
|t:|1729199521
|move|p2a: Metagross|Meteor Mash|p1a: Bumbas
|-damage|p1a: Bumbas|0 fnt
|faint|p1a: Bumbas
|
|t:|1729199525
|switch|p1a: Spoks|Gengar, M, shiny|67/100
|
|-weather|Sandstorm|[upkeep]
|-damage|p1a: Spoks|61/100|[from] Sandstorm
|-heal|p1a: Spoks|67/100|[from] item: Leftovers
|upkeep
|turn|28
|
|t:|1729199528
|move|p2a: Metagross|Meteor Mash|p1a: Spoks
|-damage|p1a: Spoks|0 fnt
|-boost|p2a: Metagross|atk|1
|faint|p1a: Spoks
|
|win|zacpz
|c|☆zacpz|gg
|c|☆crustaceus|gg
|player|p1|

</script>
<script type="application/json" class="data" id="replaydata-smogtours-gen3ou-799381">
{"id":"smogtours-gen3ou-799381","format":"[Gen 3] OU","players":["crustaceus","zacpz"],"uploadtime":1729199528,"views":106,"formatid":"gen3ou","rating":null,"private":0,"password":null}
</script>

<script defer src="js/replays.js?9d40a366"></script>
