<!DOCTYPE html>
<meta charset="utf-8" />
<meta name="viewport" content="width=device-width" />

<title>[Gen 3] OU: cryolite vs. Mafx - Replays - Pok&eacute;mon Showdown!</title>

<meta name="description" content="Watch a replay of a Pok&eacute;mon battle between cryolite and Mafx! Format: [Gen 3] OU; Date: Oct 17, 2024" />
<!--

Hey, you! Looking in the source for the replay log?

You can find them in JSON format, just add `.json` at the end of a replay URL.

https://replay.pokemonshowdown.com/gen7randomdoublesbattle-865046831.json

Or, if you only need the log itself, add `.log` instead:

https://replay.pokemonshowdown.com/gen7randomdoublesbattle-865046831.log

-->

<link rel="stylesheet" href="//pokemonshowdown.com/style/global.css?0.767286132409787" />
<link rel="stylesheet" href="//play.pokemonshowdown.com/style/font-awesome.css?0.9266228007934947" />
<link rel="stylesheet" href="//play.pokemonshowdown.com/style/battle.css?0.7924700842790926" />
<link rel="stylesheet" href="//play.pokemonshowdown.com/style/utilichart.css?0.8777417872839479" />

<!-- Global site tag (gtag.js) - Google Analytics -->
<script async src="https://www.googletagmanager.com/gtag/js?id=UA-26211653-1"></script>
<script>
  window.dataLayer = window.dataLayer || [];
  function gtag(){dataLayer.push(arguments);}
  gtag('js', new Date());

  gtag('config', 'UA-26211653-1');
</script>
<!-- End Google Analytics -->
<!-- Venatus Ad Manager - Install in <HEAD> of page -->
	<script src="https://hb.vntsm.com/v3/live/ad-manager.min.js" type="text/javascript" data-site-id="642aba63ec9a7b11c3c9c1be" data-mode="scan" async></script>
<!-- / Venatus Ad Manager -->

<style>
	@media (max-width:820px) {
		.battle {
			margin: 0 auto;
		}
		.battle-log {
			margin: 7px auto 0;
			max-width: 640px;
			height: 300px;
			position: static;
		}
	}
	.optgroup {
		display: inline-block;
		line-height: 22px;
		font-size: 10pt;
	}
	.optgroup .button {
		height: 25px;
		padding-top: 0;
		padding-bottom: 0;
	}
	.optgroup button.button {
		padding-left: 12px;
		padding-right: 12px;
	}
	.linklist {
		list-style: none;
		margin: 0.5em 0;
		padding: 0;
	}
	.linklist li {
		padding: 2px 0;
	}
	.sidebar {
		float: left;
		width: 320px;
	}
	.bar-wrapper {
		max-width: 1100px;
		margin: 0 auto;
	}
	.bar-wrapper.has-sidebar {
		max-width: 1430px;
	}
	.mainbar {
		margin: 0;
		padding-right: 1px;
	}
	.mainbar.has-sidebar {
		margin-left: 330px;
	}
	@media (min-width: 1511px) {
		.sidebar {
			width: 400px;
		}
		.bar-wrapper.has-sidebar {
			max-width: 1510px;
		}
		.mainbar.has-sidebar {
			margin-left: 410px;
		}
	}
	.section.first-section {
		margin-top: 9px;
	}
	.blocklink small {
		white-space: normal;
	}
	.button {
		vertical-align: middle;
	}
	.replay-controls {
		padding-top: 10px;
	}
	.replay-controls h1 {
		font-size: 16pt;
		font-weight: normal;
		color: #CCC;
	}
	.pagelink {
		text-align: center;
	}
	.pagelink a {
		width: 150px;
	}
	.textbox, .button {
		font-size: 11pt;
		vertical-align: middle;
	}
	@media (max-width: 450px) {
		.button {
			font-size: 9pt;
		}
	}
</style>

<div>

	<header>
		<div class="nav-wrapper"><ul class="nav">
			<li><a class="button nav-first" href="//pokemonshowdown.com/"><img src="//pokemonshowdown.com/images/pokemonshowdownbeta.png" srcset="//pokemonshowdown.com/images/pokemonshowdownbeta.png 1x, //pokemonshowdown.com/images/pokemonshowdownbeta@2x.png 2x" alt="Pok&eacute;mon Showdown" width="146" height="44" /> Home</a></li>
			<li><a class="button" href="//pokemonshowdown.com/dex/">Pok&eacute;dex</a></li>
			<li><a class="button cur" href="/">Replays</a></li>
			<li><a class="button" href="//pokemonshowdown.com/ladder/">Ladder</a></li>
			<li><a class="button nav-last" href="//pokemonshowdown.com/forums/">Forum</a></li>
			<li><a class="button greenbutton nav-first nav-last" href="//play.pokemonshowdown.com/">Play</a></li>
		</ul></div>
	</header>

	<div class="main" id="main">

		<noscript><section class="section">You need to enable JavaScript to use this page; sorry!</section></noscript>

	</div>

</div>

<script defer nomodule src="//play.pokemonshowdown.com/js/lib/ps-polyfill.js"></script>
<script defer src="//play.pokemonshowdown.com/js/lib/preact.min.js"></script>

<script defer src="//play.pokemonshowdown.com/config/config.js?6dec07f6"></script>
<script defer src="//play.pokemonshowdown.com/js/lib/jquery-1.11.0.min.js"></script>
<script defer src="//play.pokemonshowdown.com/js/lib/html-sanitizer-minified.js"></script>
<script defer src="//play.pokemonshowdown.com/js/battle-sound.js"></script>
<script defer src="//play.pokemonshowdown.com/js/battledata.js?0.6315294753075389"></script>
<script defer src="//play.pokemonshowdown.com/data/pokedex-mini.js?0.7603743185311358"></script>
<script defer src="//play.pokemonshowdown.com/data/pokedex-mini-bw.js?0.030888842834281283"></script>
<script defer src="//play.pokemonshowdown.com/data/graphics.js?0.05593094747507488"></script>
<script defer src="//play.pokemonshowdown.com/data/pokedex.js?0.47064822249611904"></script>
<script defer src="//play.pokemonshowdown.com/data/moves.js?0.8583693120512459"></script>
<script defer src="//play.pokemonshowdown.com/data/abilities.js?0.16017181182386842"></script>
<script defer src="//play.pokemonshowdown.com/data/items.js?0.4163379185673943"></script>
<script defer src="//play.pokemonshowdown.com/data/teambuilder-tables.js?0.31075597372830477"></script>
<script defer src="//play.pokemonshowdown.com/js/battle-tooltips.js?0.6536193500708172"></script>
<script defer src="//play.pokemonshowdown.com/js/battle.js?0.1916591943277901"></script>

<script defer src="js/utils.js?e31f9a17"></script>
<script defer src="js/replays-battle.js?7008c182"></script>

<!-- don't scrape this data! just add .json or .log after the URL!
Full API docs: https://github.com/smogon/pokemon-showdown-client/blob/master/WEB-API.md -->
<script type="text/plain" class="log" id="replaylog-smogtours-gen3ou-799420">
|inactive|Battle timer is ON: inactive players will automatically lose when time's up.
|t:|1729208195
|gametype|singles
|player|p1|cryolite|266|
|player|p2|Mafx|266|
|teamsize|p1|6
|teamsize|p2|6
|gen|3
|tier|[Gen 3] OU
|rule|Sleep Clause Mod: Limit one foe put to sleep
|rule|Switch Priority Clause Mod: Faster Pokémon switch first
|rule|Species Clause: Limit one of each Pokémon
|rule|OHKO Clause: OHKO moves are banned
|rule|Evasion Items Clause: Evasion items are banned
|rule|Evasion Moves Clause: Evasion moves are banned
|rule|Endless Battle Clause: Forcing endless battles is banned
|rule|HP Percentage Mod: HP is shown in percentages
|rule|One Boost Passer Clause: Limit one Baton Passer that has a way to boost its stats
|rule|Freeze Clause Mod: Limit one foe frozen
|
|t:|1729208195
|start
|switch|p1a: Milotic|Milotic, F|100/100
|switch|p2a: Araguaney|Zapdos|100/100
|turn|1
|
|t:|1729208202
|switch|p1a: Celebi|Celebi|100/100
|move|p2a: Araguaney|Substitute|p2a: Araguaney
|-start|p2a: Araguaney|Substitute
|-damage|p2a: Araguaney|76/100
|
|-heal|p2a: Araguaney|82/100|[from] item: Leftovers
|upkeep
|turn|2
|
|t:|1729208208
|move|p2a: Araguaney|Baton Pass|p2a: Araguaney
|
|t:|1729208223
|switch|p2a: Maracaibo Lake|Suicune|100/100|[from] Baton Pass
|move|p1a: Celebi|Giga Drain|p2a: Maracaibo Lake
|-supereffective|p2a: Maracaibo Lake
|-end|p2a: Maracaibo Lake|Substitute
|
|upkeep
|turn|3
|
|t:|1729208226
|move|p1a: Celebi|Leech Seed|p2a: Maracaibo Lake|[miss]
|-miss|p1a: Celebi|p2a: Maracaibo Lake
|move|p2a: Maracaibo Lake|Calm Mind|p2a: Maracaibo Lake
|-boost|p2a: Maracaibo Lake|spa|1
|-boost|p2a: Maracaibo Lake|spd|1
|
|upkeep
|turn|4
|
|t:|1729208231
|move|p1a: Celebi|Leech Seed|p2a: Maracaibo Lake
|-start|p2a: Maracaibo Lake|move: Leech Seed
|move|p2a: Maracaibo Lake|Ice Beam|p1a: Celebi
|-supereffective|p1a: Celebi
|-damage|p1a: Celebi|31/100
|
|-heal|p1a: Celebi|38/100|[from] item: Leftovers
|-damage|p2a: Maracaibo Lake|88/100|[from] Leech Seed|[of] p1a: Celebi
|-heal|p1a: Celebi|50/100|[silent]
|upkeep
|turn|5
|
|t:|1729208237
|move|p1a: Celebi|Calm Mind|p1a: Celebi
|-boost|p1a: Celebi|spa|1
|-boost|p1a: Celebi|spd|1
|move|p2a: Maracaibo Lake|Ice Beam|p1a: Celebi
|-supereffective|p1a: Celebi
|-damage|p1a: Celebi|10/100
|-status|p1a: Celebi|frz
|
|-heal|p1a: Celebi|16/100 frz|[from] item: Leftovers
|-heal|p2a: Maracaibo Lake|94/100|[from] item: Leftovers
|-damage|p2a: Maracaibo Lake|82/100|[from] Leech Seed|[of] p1a: Celebi
|-heal|p1a: Celebi|29/100 frz|[silent]
|upkeep
|turn|6
|
|t:|1729208243
|-curestatus|p1a: Celebi|frz|[from] ability: Natural Cure
|switch|p1a: Milotic|Milotic, F|100/100
|switch|p2a: Bubbaloo|Forretress, F|100/100
|
|upkeep
|turn|7
|
|t:|1729208247
|move|p1a: Milotic|Hypnosis|p2a: Bubbaloo
|-status|p2a: Bubbaloo|slp|[from] move: Hypnosis
|cant|p2a: Bubbaloo|slp
|
|upkeep
|turn|8
|
|t:|1729208255
|move|p1a: Milotic|Surf|p2a: Bubbaloo
|-crit|p2a: Bubbaloo
|-damage|p2a: Bubbaloo|31/100 slp
|cant|p2a: Bubbaloo|slp
|
|-heal|p2a: Bubbaloo|38/100 slp|[from] item: Leftovers
|upkeep
|turn|9
|
|t:|1729208263
|move|p1a: Milotic|Surf|p2a: Bubbaloo
|-damage|p2a: Bubbaloo|0 fnt
|faint|p2a: Bubbaloo
|
|t:|1729208265
|switch|p2a: Araguaney|Zapdos|82/100
|
|-heal|p2a: Araguaney|88/100|[from] item: Leftovers
|upkeep
|turn|10
|
|t:|1729208269
|switch|p1a: Celebi|Celebi|29/100
|move|p2a: Araguaney|Thunderbolt|p1a: Celebi
|-resisted|p1a: Celebi
|-damage|p1a: Celebi|6/100
|-status|p1a: Celebi|par
|
|-heal|p2a: Araguaney|94/100|[from] item: Leftovers
|-heal|p1a: Celebi|12/100 par|[from] item: Leftovers
|upkeep
|turn|11
|
|t:|1729208276
|-curestatus|p1a: Celebi|par|[from] ability: Natural Cure
|switch|p1a: Snorlax|Snorlax, M|100/100
|move|p2a: Araguaney|Thunderbolt|p1a: Snorlax
|-damage|p1a: Snorlax|73/100
|
|-heal|p2a: Araguaney|100/100|[from] item: Leftovers
|-heal|p1a: Snorlax|79/100|[from] item: Leftovers
|upkeep
|turn|12
|
|t:|1729208281
|move|p2a: Araguaney|Baton Pass|p2a: Araguaney
|
|t:|1729208295
|switch|p2a: Delta Amacuro|Swampert, M|100/100|[from] Baton Pass
|move|p1a: Snorlax|Body Slam|p2a: Delta Amacuro
|-damage|p2a: Delta Amacuro|71/100
|
|-heal|p2a: Delta Amacuro|78/100|[from] item: Leftovers
|-heal|p1a: Snorlax|85/100|[from] item: Leftovers
|upkeep
|turn|13
|
|t:|1729208303
|-singleturn|p2a: Delta Amacuro|move: Focus Punch
|move|p1a: Snorlax|Body Slam|p2a: Delta Amacuro
|-damage|p2a: Delta Amacuro|51/100
|-status|p2a: Delta Amacuro|par
|move|p2a: Delta Amacuro|Focus Punch||[still]
|cant|p2a: Delta Amacuro|Focus Punch|Focus Punch
|
|-heal|p1a: Snorlax|91/100|[from] item: Leftovers
|-heal|p2a: Delta Amacuro|58/100 par|[from] item: Leftovers
|upkeep
|turn|14
|
|t:|1729208310
|switch|p2a: Silbon|Gengar, F|100/100
|move|p1a: Snorlax|Body Slam|p2a: Silbon
|-immune|p2a: Silbon
|
|-heal|p1a: Snorlax|98/100|[from] item: Leftovers
|upkeep
|turn|15
|
|t:|1729208320
|move|p2a: Silbon|Thunderbolt|p1a: Snorlax
|-damage|p1a: Snorlax|80/100
|move|p1a: Snorlax|Shadow Ball|p2a: Silbon
|-supereffective|p2a: Silbon
|-damage|p2a: Silbon|0 fnt
|faint|p2a: Silbon
|
|t:|1729208328
|switch|p2a: Maracaibo Lake|Suicune|82/100
|
|-heal|p2a: Maracaibo Lake|88/100|[from] item: Leftovers
|-heal|p1a: Snorlax|86/100|[from] item: Leftovers
|upkeep
|turn|16
|
|t:|1729208337
|move|p2a: Maracaibo Lake|Calm Mind|p2a: Maracaibo Lake
|-boost|p2a: Maracaibo Lake|spa|1
|-boost|p2a: Maracaibo Lake|spd|1
|move|p1a: Snorlax|Body Slam|p2a: Maracaibo Lake
|-damage|p2a: Maracaibo Lake|59/100
|
|-heal|p2a: Maracaibo Lake|66/100|[from] item: Leftovers
|-heal|p1a: Snorlax|92/100|[from] item: Leftovers
|upkeep
|turn|17
|
|t:|1729208339
|move|p1a: Snorlax|Body Slam|p2a: Maracaibo Lake
|-damage|p2a: Maracaibo Lake|36/100
|move|p2a: Maracaibo Lake|Roar|p1a: Snorlax
|drag|p1a: Magneton|Magneton|100/100
|
|-heal|p2a: Maracaibo Lake|42/100|[from] item: Leftovers
|upkeep
|turn|18
|
|t:|1729208344
|move|p2a: Maracaibo Lake|Surf|p1a: Magneton
|-damage|p1a: Magneton|3/100
|move|p1a: Magneton|Thunderbolt|p2a: Maracaibo Lake
|-supereffective|p2a: Maracaibo Lake
|-damage|p2a: Maracaibo Lake|0 fnt
|faint|p2a: Maracaibo Lake
|
|t:|1729208351
|switch|p2a: Araguaney|Zapdos|100/100
|
|upkeep
|turn|19
|
|t:|1729208354
|move|p2a: Araguaney|Thunderbolt|p1a: Magneton
|-resisted|p1a: Magneton
|-damage|p1a: Magneton|0 fnt
|faint|p1a: Magneton
|
|t:|1729208356
|switch|p1a: Snorlax|Snorlax, M|92/100
|
|-heal|p1a: Snorlax|98/100|[from] item: Leftovers
|upkeep
|turn|20
|
|t:|1729208360
|move|p2a: Araguaney|Thunderbolt|p1a: Snorlax
|-damage|p1a: Snorlax|66/100
|move|p1a: Snorlax|Body Slam|p2a: Araguaney
|-crit|p2a: Araguaney
|-damage|p2a: Araguaney|0 fnt
|faint|p2a: Araguaney
|
|t:|1729208369
|switch|p2a: Delta Amacuro|Swampert, M|58/100 par
|
|-heal|p1a: Snorlax|72/100|[from] item: Leftovers
|-heal|p2a: Delta Amacuro|64/100 par|[from] item: Leftovers
|upkeep
|turn|21
|
|t:|1729208373
|move|p1a: Snorlax|Body Slam|p2a: Delta Amacuro
|-damage|p2a: Delta Amacuro|35/100 par
|cant|p2a: Delta Amacuro|par
|
|-heal|p1a: Snorlax|79/100|[from] item: Leftovers
|-heal|p2a: Delta Amacuro|42/100 par|[from] item: Leftovers
|upkeep
|turn|22
|
|t:|1729208380
|move|p1a: Snorlax|Body Slam|p2a: Delta Amacuro
|-damage|p2a: Delta Amacuro|15/100 par
|move|p2a: Delta Amacuro|Earthquake|p1a: Snorlax
|-damage|p1a: Snorlax|44/100
|
|-heal|p1a: Snorlax|51/100|[from] item: Leftovers
|-heal|p2a: Delta Amacuro|21/100 par|[from] item: Leftovers
|upkeep
|turn|23
|
|t:|1729208383
|move|p1a: Snorlax|Body Slam|p2a: Delta Amacuro
|-damage|p2a: Delta Amacuro|0 fnt
|faint|p2a: Delta Amacuro
|
|t:|1729208386
|switch|p2a: Guacharo|Dugtrio, F|100/100
|
|-heal|p1a: Snorlax|57/100|[from] item: Leftovers
|upkeep
|turn|24
|
|t:|1729208389
|move|p2a: Guacharo|Earthquake|p1a: Snorlax
|-damage|p1a: Snorlax|3/100
|move|p1a: Snorlax|Self-Destruct|p2a: Guacharo
|-damage|p2a: Guacharo|0 fnt
|faint|p1a: Snorlax
|faint|p2a: Guacharo
|
|win|cryolite
|c|☆cryolite|gg
|c|☆Mafx|gg

</script>
<script type="application/json" class="data" id="replaydata-smogtours-gen3ou-799420">
{"id":"smogtours-gen3ou-799420","format":"[Gen 3] OU","players":["cryolite","Mafx"],"uploadtime":1729208389,"views":88,"formatid":"gen3ou","rating":null,"private":0,"password":null}
</script>

<script defer src="js/replays.js?9d40a366"></script>
