<!DOCTYPE html>
<meta charset="utf-8" />
<meta name="viewport" content="width=device-width" />

<title>[Gen 3] OU: Bhol vs. tub69 - Replays - Pok&eacute;mon Showdown!</title>

<meta name="description" content="Watch a replay of a Pok&eacute;mon battle between Bhol and tub69! Format: [Gen 3] OU; Date: Oct 14, 2024" />
<!--

Hey, you! Looking in the source for the replay log?

You can find them in JSON format, just add `.json` at the end of a replay URL.

https://replay.pokemonshowdown.com/gen7randomdoublesbattle-865046831.json

Or, if you only need the log itself, add `.log` instead:

https://replay.pokemonshowdown.com/gen7randomdoublesbattle-865046831.log

-->

<link rel="stylesheet" href="//pokemonshowdown.com/style/global.css?0.023195364461161105" />
<link rel="stylesheet" href="//play.pokemonshowdown.com/style/font-awesome.css?0.13261647063804238" />
<link rel="stylesheet" href="//play.pokemonshowdown.com/style/battle.css?0.8753245789963631" />
<link rel="stylesheet" href="//play.pokemonshowdown.com/style/utilichart.css?0.8627959624976733" />

<!-- Global site tag (gtag.js) - Google Analytics -->
<script async src="https://www.googletagmanager.com/gtag/js?id=UA-26211653-1"></script>
<script>
  window.dataLayer = window.dataLayer || [];
  function gtag(){dataLayer.push(arguments);}
  gtag('js', new Date());

  gtag('config', 'UA-26211653-1');
</script>
<!-- End Google Analytics -->
<!-- Venatus Ad Manager - Install in <HEAD> of page -->
	<script src="https://hb.vntsm.com/v3/live/ad-manager.min.js" type="text/javascript" data-site-id="642aba63ec9a7b11c3c9c1be" data-mode="scan" async></script>
<!-- / Venatus Ad Manager -->

<style>
	@media (max-width:820px) {
		.battle {
			margin: 0 auto;
		}
		.battle-log {
			margin: 7px auto 0;
			max-width: 640px;
			height: 300px;
			position: static;
		}
	}
	.optgroup {
		display: inline-block;
		line-height: 22px;
		font-size: 10pt;
	}
	.optgroup .button {
		height: 25px;
		padding-top: 0;
		padding-bottom: 0;
	}
	.optgroup button.button {
		padding-left: 12px;
		padding-right: 12px;
	}
	.linklist {
		list-style: none;
		margin: 0.5em 0;
		padding: 0;
	}
	.linklist li {
		padding: 2px 0;
	}
	.sidebar {
		float: left;
		width: 320px;
	}
	.bar-wrapper {
		max-width: 1100px;
		margin: 0 auto;
	}
	.bar-wrapper.has-sidebar {
		max-width: 1430px;
	}
	.mainbar {
		margin: 0;
		padding-right: 1px;
	}
	.mainbar.has-sidebar {
		margin-left: 330px;
	}
	@media (min-width: 1511px) {
		.sidebar {
			width: 400px;
		}
		.bar-wrapper.has-sidebar {
			max-width: 1510px;
		}
		.mainbar.has-sidebar {
			margin-left: 410px;
		}
	}
	.section.first-section {
		margin-top: 9px;
	}
	.blocklink small {
		white-space: normal;
	}
	.button {
		vertical-align: middle;
	}
	.replay-controls {
		padding-top: 10px;
	}
	.replay-controls h1 {
		font-size: 16pt;
		font-weight: normal;
		color: #CCC;
	}
	.pagelink {
		text-align: center;
	}
	.pagelink a {
		width: 150px;
	}
	.textbox, .button {
		font-size: 11pt;
		vertical-align: middle;
	}
	@media (max-width: 450px) {
		.button {
			font-size: 9pt;
		}
	}
</style>

<div>

	<header>
		<div class="nav-wrapper"><ul class="nav">
			<li><a class="button nav-first" href="//pokemonshowdown.com/"><img src="//pokemonshowdown.com/images/pokemonshowdownbeta.png" srcset="//pokemonshowdown.com/images/pokemonshowdownbeta.png 1x, //pokemonshowdown.com/images/pokemonshowdownbeta@2x.png 2x" alt="Pok&eacute;mon Showdown" width="146" height="44" /> Home</a></li>
			<li><a class="button" href="//pokemonshowdown.com/dex/">Pok&eacute;dex</a></li>
			<li><a class="button cur" href="/">Replays</a></li>
			<li><a class="button" href="//pokemonshowdown.com/ladder/">Ladder</a></li>
			<li><a class="button nav-last" href="//pokemonshowdown.com/forums/">Forum</a></li>
			<li><a class="button greenbutton nav-first nav-last" href="//play.pokemonshowdown.com/">Play</a></li>
		</ul></div>
	</header>

	<div class="main" id="main">

		<noscript><section class="section">You need to enable JavaScript to use this page; sorry!</section></noscript>

	</div>

</div>

<script defer nomodule src="//play.pokemonshowdown.com/js/lib/ps-polyfill.js"></script>
<script defer src="//play.pokemonshowdown.com/js/lib/preact.min.js"></script>

<script defer src="//play.pokemonshowdown.com/config/config.js?2bddbc15"></script>
<script defer src="//play.pokemonshowdown.com/js/lib/jquery-1.11.0.min.js"></script>
<script defer src="//play.pokemonshowdown.com/js/lib/html-sanitizer-minified.js"></script>
<script defer src="//play.pokemonshowdown.com/js/battle-sound.js"></script>
<script defer src="//play.pokemonshowdown.com/js/battledata.js?0.7209276989879541"></script>
<script defer src="//play.pokemonshowdown.com/data/pokedex-mini.js?0.6111056340867951"></script>
<script defer src="//play.pokemonshowdown.com/data/pokedex-mini-bw.js?0.3532142036491459"></script>
<script defer src="//play.pokemonshowdown.com/data/graphics.js?0.24223875632456182"></script>
<script defer src="//play.pokemonshowdown.com/data/pokedex.js?0.38839984266356864"></script>
<script defer src="//play.pokemonshowdown.com/data/moves.js?0.21866028504024015"></script>
<script defer src="//play.pokemonshowdown.com/data/abilities.js?0.2005157953846628"></script>
<script defer src="//play.pokemonshowdown.com/data/items.js?0.9894211263848525"></script>
<script defer src="//play.pokemonshowdown.com/data/teambuilder-tables.js?0.6008791140282215"></script>
<script defer src="//play.pokemonshowdown.com/js/battle-tooltips.js?0.7580118955022959"></script>
<script defer src="//play.pokemonshowdown.com/js/battle.js?0.6057722274234274"></script>

<script defer src="js/utils.js?e31f9a17"></script>
<script defer src="js/replays-battle.js?7008c182"></script>

<!-- don't scrape this data! just add .json or .log after the URL!
Full API docs: https://github.com/smogon/pokemon-showdown-client/blob/master/WEB-API.md -->
<script type="text/plain" class="log" id="replaylog-gen3ou-2222763214">
|j|☆Bhol
|j|☆tub69
|t:|1728921798
|gametype|singles
|player|p1|Bhol|sabrina|
|player|p2|tub69|sailor|
|teamsize|p1|6
|teamsize|p2|6
|gen|3
|tier|[Gen 3] OU
|rule|Sleep Clause Mod: Limit one foe put to sleep
|rule|Switch Priority Clause Mod: Faster Pokémon switch first
|rule|Species Clause: Limit one of each Pokémon
|rule|OHKO Clause: OHKO moves are banned
|rule|Evasion Items Clause: Evasion items are banned
|rule|Evasion Moves Clause: Evasion moves are banned
|rule|Endless Battle Clause: Forcing endless battles is banned
|rule|HP Percentage Mod: HP is shown in percentages
|rule|One Boost Passer Clause: Limit one Baton Passer that has a way to boost its stats
|rule|Freeze Clause Mod: Limit one foe frozen
|
|t:|1728921798
|start
|switch|p1a: Salamence|Salamence, M|100/100
|switch|p2a: Houdini?|Metagross|100/100
|-ability|p1a: Salamence|Intimidate|boost
|-fail|p2a: Houdini?|unboost|[from] ability: Clear Body|[of] p2a: Houdini?
|turn|1
|c|☆tub69|glgl
|c|☆Bhol|Glhf
|
|t:|1728921814
|switch|p1a: Swampert|Swampert, M|100/100
|move|p2a: Houdini?|Psychic|p1a: Swampert
|-damage|p1a: Swampert|59/100
|
|-heal|p1a: Swampert|66/100|[from] item: Leftovers
|upkeep
|turn|2
|c|☆tub69|we doin timer?
|
|t:|1728921830
|move|p2a: Houdini?|Hidden Power|p1a: Swampert
|-supereffective|p1a: Swampert
|-crit|p1a: Swampert
|-damage|p1a: Swampert|0 fnt
|faint|p1a: Swampert
|
|t:|1728921842
|switch|p1a: Salamence|Salamence, M|100/100
|-ability|p1a: Salamence|Intimidate|boost
|-fail|p2a: Houdini?|unboost|[from] ability: Clear Body|[of] p2a: Houdini?
|
|upkeep
|turn|3
|
|t:|1728921844
|move|p1a: Salamence|Flamethrower|p2a: Houdini?
|-supereffective|p2a: Houdini?
|-damage|p2a: Houdini?|29/100
|move|p2a: Houdini?|Explosion|p1a: Salamence
|-damage|p1a: Salamence|0 fnt
|faint|p2a: Houdini?
|faint|p1a: Salamence
|
|t:|1728921855
|switch|p1a: Cloyster|Cloyster, M|100/100
|switch|p2a: Hitmontop|Hitmontop, M|100/100
|-ability|p2a: Hitmontop|Intimidate|boost
|-unboost|p1a: Cloyster|atk|1
|
|upkeep
|turn|4
|c|☆Bhol|I don’t mind either way for the timer
|
|t:|1728921878
|move|p1a: Cloyster|Spikes|p2a: Hitmontop
|-sidestart|p2: tub69|Spikes
|move|p2a: Hitmontop|Brick Break|p1a: Cloyster
|-supereffective|p1a: Cloyster
|-damage|p1a: Cloyster|57/100
|
|-heal|p1a: Cloyster|62/100|[from] item: Leftovers
|upkeep
|turn|5
|
|t:|1728921884
|switch|p1a: Jirachi|Jirachi|100/100
|move|p2a: Hitmontop|Rapid Spin|p1a: Jirachi
|-resisted|p1a: Jirachi
|-damage|p1a: Jirachi|98/100
|-sideend|p2: tub69|Spikes|[from] move: Rapid Spin|[of] p2a: Hitmontop
|
|-heal|p1a: Jirachi|100/100|[from] item: Leftovers
|upkeep
|turn|6
|
|t:|1728921912
|move|p1a: Jirachi|Substitute|p1a: Jirachi
|-start|p1a: Jirachi|Substitute
|-damage|p1a: Jirachi|75/100
|move|p2a: Hitmontop|Counter|p1a: Jirachi
|
|-heal|p1a: Jirachi|82/100|[from] item: Leftovers
|upkeep
|turn|7
|
|t:|1728921925
|move|p1a: Jirachi|Calm Mind|p1a: Jirachi
|-boost|p1a: Jirachi|spa|1
|-boost|p1a: Jirachi|spd|1
|move|p2a: Hitmontop|Brick Break|p1a: Jirachi
|-end|p1a: Jirachi|Substitute
|
|-heal|p1a: Jirachi|88/100|[from] item: Leftovers
|upkeep
|turn|8
|
|t:|1728921939
|move|p1a: Jirachi|Thunderbolt|p2a: Hitmontop
|-damage|p2a: Hitmontop|64/100
|-status|p2a: Hitmontop|par
|move|p2a: Hitmontop|Brick Break|p1a: Jirachi
|-damage|p1a: Jirachi|59/100
|
|-heal|p1a: Jirachi|66/100|[from] item: Leftovers
|-heal|p2a: Hitmontop|70/100 par|[from] item: Leftovers
|upkeep
|turn|9
|
|t:|1728921959
|switch|p2a: Flygon|Flygon, F|100/100
|move|p1a: Jirachi|Thunderbolt|p2a: Flygon
|-immune|p2a: Flygon
|
|-heal|p1a: Jirachi|72/100|[from] item: Leftovers
|upkeep
|turn|10
|
|t:|1728921966
|switch|p1a: Cloyster|Cloyster, M|62/100
|move|p2a: Flygon|Protect||[still]
|-fail|p2a: Flygon
|
|-heal|p1a: Cloyster|68/100|[from] item: Leftovers
|upkeep
|turn|11
|
|t:|1728921978
|switch|p2a: Regice|Regice|100/100
|move|p1a: Cloyster|Spikes|p2a: Regice
|-sidestart|p2: tub69|Spikes
|
|-heal|p1a: Cloyster|74/100|[from] item: Leftovers
|upkeep
|turn|12
|
|t:|1728922002
|move|p1a: Cloyster|Spikes|p2a: Regice
|-sidestart|p2: tub69|Spikes
|move|p2a: Regice|Thunderbolt|p1a: Cloyster
|-supereffective|p1a: Cloyster
|-damage|p1a: Cloyster|0 fnt
|faint|p1a: Cloyster
|
|t:|1728922008
|switch|p1a: Tyranitar|Tyranitar, M|100/100
|-weather|Sandstorm|[from] ability: Sand Stream|[of] p1a: Tyranitar
|
|-weather|Sandstorm|[upkeep]
|-damage|p2a: Regice|94/100|[from] Sandstorm
|-heal|p2a: Regice|100/100|[from] item: Leftovers
|upkeep
|turn|13
|
|t:|1728922027
|move|p1a: Tyranitar|Flamethrower|p2a: Regice
|-supereffective|p2a: Regice
|-damage|p2a: Regice|73/100
|move|p2a: Regice|Explosion|p1a: Tyranitar
|-resisted|p1a: Tyranitar
|-damage|p1a: Tyranitar|74/100
|faint|p2a: Regice
|
|t:|1728922029
|switch|p2a: Hitmontop|Hitmontop, M|70/100 par
|-damage|p2a: Hitmontop|54/100 par|[from] Spikes
|-ability|p2a: Hitmontop|Intimidate|boost
|-unboost|p1a: Tyranitar|atk|1
|
|-weather|Sandstorm|[upkeep]
|-damage|p2a: Hitmontop|48/100 par|[from] Sandstorm
|-heal|p1a: Tyranitar|81/100|[from] item: Leftovers
|-heal|p2a: Hitmontop|54/100 par|[from] item: Leftovers
|upkeep
|turn|14
|
|t:|1728922063
|move|p1a: Tyranitar|Flamethrower|p2a: Hitmontop
|-damage|p2a: Hitmontop|25/100 par
|move|p2a: Hitmontop|Brick Break|p1a: Tyranitar
|-supereffective|p1a: Tyranitar
|-damage|p1a: Tyranitar|0 fnt
|faint|p1a: Tyranitar
|
|t:|1728922074
|switch|p1a: Jirachi|Jirachi|72/100
|
|-weather|Sandstorm|[upkeep]
|-damage|p2a: Hitmontop|18/100 par|[from] Sandstorm
|-heal|p1a: Jirachi|78/100|[from] item: Leftovers
|-heal|p2a: Hitmontop|25/100 par|[from] item: Leftovers
|upkeep
|turn|15
|
|t:|1728922088
|switch|p2a: Flygon|Flygon, F|100/100
|move|p1a: Jirachi|Thunderbolt|p2a: Flygon
|-immune|p2a: Flygon
|
|-weather|Sandstorm|[upkeep]
|-heal|p1a: Jirachi|84/100|[from] item: Leftovers
|upkeep
|turn|16
|
|t:|1728922094
|move|p1a: Jirachi|Ice Punch|p2a: Flygon
|-supereffective|p2a: Flygon
|-damage|p2a: Flygon|31/100
|move|p2a: Flygon|Earthquake|p1a: Jirachi
|-supereffective|p1a: Jirachi
|-damage|p1a: Jirachi|24/100
|
|-weather|Sandstorm|[upkeep]
|-heal|p1a: Jirachi|30/100|[from] item: Leftovers
|-heal|p2a: Flygon|37/100|[from] item: Leftovers
|upkeep
|turn|17
|
|t:|1728922118
|move|p1a: Jirachi|Ice Punch|p2a: Flygon
|-supereffective|p2a: Flygon
|-damage|p2a: Flygon|0 fnt
|faint|p2a: Flygon
|
|t:|1728922121
|switch|p2a: Charizard|Charizard, M|100/100
|
|-weather|Sandstorm|[upkeep]
|-damage|p2a: Charizard|94/100|[from] Sandstorm
|-heal|p1a: Jirachi|36/100|[from] item: Leftovers
|upkeep
|turn|18
|
|t:|1728922154
|switch|p2a: Hitmontop|Hitmontop, M|25/100 par
|-damage|p2a: Hitmontop|8/100 par|[from] Spikes
|-ability|p2a: Hitmontop|Intimidate|boost
|-unboost|p1a: Jirachi|atk|1
|move|p1a: Jirachi|Thunderbolt|p2a: Hitmontop
|-damage|p2a: Hitmontop|0 fnt
|faint|p2a: Hitmontop
|
|t:|1728922160
|switch|p2a: Starmie|Starmie|100/100
|-damage|p2a: Starmie|84/100|[from] Spikes
|
|-weather|Sandstorm|[upkeep]
|-damage|p2a: Starmie|78/100|[from] Sandstorm
|-heal|p2a: Starmie|84/100|[from] item: Leftovers
|-heal|p1a: Jirachi|42/100|[from] item: Leftovers
|upkeep
|turn|19
|
|t:|1728922174
|move|p2a: Starmie|Thunder Wave|p1a: Jirachi
|-status|p1a: Jirachi|par
|move|p1a: Jirachi|Thunderbolt|p2a: Starmie
|-supereffective|p2a: Starmie
|-damage|p2a: Starmie|26/100
|-status|p2a: Starmie|par
|
|-weather|Sandstorm|[upkeep]
|-damage|p2a: Starmie|20/100 par|[from] Sandstorm
|-heal|p2a: Starmie|26/100 par|[from] item: Leftovers
|-heal|p1a: Jirachi|48/100 par|[from] item: Leftovers
|upkeep
|turn|20
|
|t:|1728922185
|cant|p2a: Starmie|par
|move|p1a: Jirachi|Thunderbolt|p2a: Starmie
|-supereffective|p2a: Starmie
|-damage|p2a: Starmie|0 fnt
|faint|p2a: Starmie
|
|t:|1728922187
|switch|p2a: Charizard|Charizard, M|94/100
|
|-weather|Sandstorm|[upkeep]
|-damage|p2a: Charizard|88/100|[from] Sandstorm
|-heal|p1a: Jirachi|54/100 par|[from] item: Leftovers
|upkeep
|turn|21
|
|t:|1728922217
|move|p2a: Charizard|Flamethrower|p1a: Jirachi
|-supereffective|p1a: Jirachi
|-damage|p1a: Jirachi|0 fnt
|faint|p1a: Jirachi
|
|t:|1728922221
|switch|p1a: Aerodactyl|Aerodactyl, F|100/100
|
|-weather|Sandstorm|[upkeep]
|-damage|p2a: Charizard|82/100|[from] Sandstorm
|upkeep
|turn|22
|
|t:|1728922225
|move|p1a: Aerodactyl|Rock Slide|p2a: Charizard
|-supereffective|p2a: Charizard
|-damage|p2a: Charizard|0 fnt
|faint|p2a: Charizard
|
|win|Bhol
|c|☆tub69|gg
|c|☆Bhol|gg
|l|☆tub69
|player|p2|
|l|☆Bhol
|player|p1|
|j|☆Bhol
|player|p1|Bhol|sabrina|

</script>
<script type="application/json" class="data" id="replaydata-gen3ou-2222763214">
{"id":"gen3ou-2222763214","format":"[Gen 3] OU","players":["Bhol","tub69"],"uploadtime":1728922234,"views":108,"formatid":"gen3ou","rating":null,"private":0,"password":null}
</script>

<script defer src="js/replays.js?9d40a366"></script>
