<!DOCTYPE html>
<meta charset="utf-8" />
<meta name="viewport" content="width=device-width" />

<title>[Gen 3] OU: Deckline vs. salmonlad - Replays - Pok&eacute;mon Showdown!</title>

<meta name="description" content="Watch a replay of a Pok&eacute;mon battle between Deckline and salmonlad! Format: [Gen 3] OU; Date: Oct 1, 2024" />
<!--

Hey, you! Looking in the source for the replay log?

You can find them in JSON format, just add `.json` at the end of a replay URL.

https://replay.pokemonshowdown.com/gen7randomdoublesbattle-865046831.json

Or, if you only need the log itself, add `.log` instead:

https://replay.pokemonshowdown.com/gen7randomdoublesbattle-865046831.log

-->

<link rel="stylesheet" href="//pokemonshowdown.com/style/global.css?0.767286132409787" />
<link rel="stylesheet" href="//play.pokemonshowdown.com/style/font-awesome.css?0.9266228007934947" />
<link rel="stylesheet" href="//play.pokemonshowdown.com/style/battle.css?0.7924700842790926" />
<link rel="stylesheet" href="//play.pokemonshowdown.com/style/utilichart.css?0.8777417872839479" />

<!-- Global site tag (gtag.js) - Google Analytics -->
<script async src="https://www.googletagmanager.com/gtag/js?id=UA-26211653-1"></script>
<script>
  window.dataLayer = window.dataLayer || [];
  function gtag(){dataLayer.push(arguments);}
  gtag('js', new Date());

  gtag('config', 'UA-26211653-1');
</script>
<!-- End Google Analytics -->
<!-- Venatus Ad Manager - Install in <HEAD> of page -->
	<script src="https://hb.vntsm.com/v3/live/ad-manager.min.js" type="text/javascript" data-site-id="642aba63ec9a7b11c3c9c1be" data-mode="scan" async></script>
<!-- / Venatus Ad Manager -->

<style>
	@media (max-width:820px) {
		.battle {
			margin: 0 auto;
		}
		.battle-log {
			margin: 7px auto 0;
			max-width: 640px;
			height: 300px;
			position: static;
		}
	}
	.optgroup {
		display: inline-block;
		line-height: 22px;
		font-size: 10pt;
	}
	.optgroup .button {
		height: 25px;
		padding-top: 0;
		padding-bottom: 0;
	}
	.optgroup button.button {
		padding-left: 12px;
		padding-right: 12px;
	}
	.linklist {
		list-style: none;
		margin: 0.5em 0;
		padding: 0;
	}
	.linklist li {
		padding: 2px 0;
	}
	.sidebar {
		float: left;
		width: 320px;
	}
	.bar-wrapper {
		max-width: 1100px;
		margin: 0 auto;
	}
	.bar-wrapper.has-sidebar {
		max-width: 1430px;
	}
	.mainbar {
		margin: 0;
		padding-right: 1px;
	}
	.mainbar.has-sidebar {
		margin-left: 330px;
	}
	@media (min-width: 1511px) {
		.sidebar {
			width: 400px;
		}
		.bar-wrapper.has-sidebar {
			max-width: 1510px;
		}
		.mainbar.has-sidebar {
			margin-left: 410px;
		}
	}
	.section.first-section {
		margin-top: 9px;
	}
	.blocklink small {
		white-space: normal;
	}
	.button {
		vertical-align: middle;
	}
	.replay-controls {
		padding-top: 10px;
	}
	.replay-controls h1 {
		font-size: 16pt;
		font-weight: normal;
		color: #CCC;
	}
	.pagelink {
		text-align: center;
	}
	.pagelink a {
		width: 150px;
	}
	.textbox, .button {
		font-size: 11pt;
		vertical-align: middle;
	}
	@media (max-width: 450px) {
		.button {
			font-size: 9pt;
		}
	}
</style>

<div>

	<header>
		<div class="nav-wrapper"><ul class="nav">
			<li><a class="button nav-first" href="//pokemonshowdown.com/"><img src="//pokemonshowdown.com/images/pokemonshowdownbeta.png" srcset="//pokemonshowdown.com/images/pokemonshowdownbeta.png 1x, //pokemonshowdown.com/images/pokemonshowdownbeta@2x.png 2x" alt="Pok&eacute;mon Showdown" width="146" height="44" /> Home</a></li>
			<li><a class="button" href="//pokemonshowdown.com/dex/">Pok&eacute;dex</a></li>
			<li><a class="button cur" href="/">Replays</a></li>
			<li><a class="button" href="//pokemonshowdown.com/ladder/">Ladder</a></li>
			<li><a class="button nav-last" href="//pokemonshowdown.com/forums/">Forum</a></li>
			<li><a class="button greenbutton nav-first nav-last" href="//play.pokemonshowdown.com/">Play</a></li>
		</ul></div>
	</header>

	<div class="main" id="main">

		<noscript><section class="section">You need to enable JavaScript to use this page; sorry!</section></noscript>

	</div>

</div>

<script defer nomodule src="//play.pokemonshowdown.com/js/lib/ps-polyfill.js"></script>
<script defer src="//play.pokemonshowdown.com/js/lib/preact.min.js"></script>

<script defer src="//play.pokemonshowdown.com/config/config.js?6dec07f6"></script>
<script defer src="//play.pokemonshowdown.com/js/lib/jquery-1.11.0.min.js"></script>
<script defer src="//play.pokemonshowdown.com/js/lib/html-sanitizer-minified.js"></script>
<script defer src="//play.pokemonshowdown.com/js/battle-sound.js"></script>
<script defer src="//play.pokemonshowdown.com/js/battledata.js?0.6315294753075389"></script>
<script defer src="//play.pokemonshowdown.com/data/pokedex-mini.js?0.7603743185311358"></script>
<script defer src="//play.pokemonshowdown.com/data/pokedex-mini-bw.js?0.030888842834281283"></script>
<script defer src="//play.pokemonshowdown.com/data/graphics.js?0.05593094747507488"></script>
<script defer src="//play.pokemonshowdown.com/data/pokedex.js?0.47064822249611904"></script>
<script defer src="//play.pokemonshowdown.com/data/moves.js?0.8583693120512459"></script>
<script defer src="//play.pokemonshowdown.com/data/abilities.js?0.16017181182386842"></script>
<script defer src="//play.pokemonshowdown.com/data/items.js?0.4163379185673943"></script>
<script defer src="//play.pokemonshowdown.com/data/teambuilder-tables.js?0.31075597372830477"></script>
<script defer src="//play.pokemonshowdown.com/js/battle-tooltips.js?0.6536193500708172"></script>
<script defer src="//play.pokemonshowdown.com/js/battle.js?0.1916591943277901"></script>

<script defer src="js/utils.js?e31f9a17"></script>
<script defer src="js/replays-battle.js?7008c182"></script>

<!-- don't scrape this data! just add .json or .log after the URL!
Full API docs: https://github.com/smogon/pokemon-showdown-client/blob/master/WEB-API.md -->
<script type="text/plain" class="log" id="replaylog-smogtours-gen3ou-793766">
|inactive|Battle timer is ON: inactive players will automatically lose when time's up.
|t:|1727795471
|gametype|singles
|player|p1|Deckline|#wcop2024france|
|player|p2|salmonlad|265|
|teamsize|p1|6
|teamsize|p2|6
|gen|3
|tier|[Gen 3] OU
|rule|Sleep Clause Mod: Limit one foe put to sleep
|rule|Switch Priority Clause Mod: Faster Pokémon switch first
|rule|Species Clause: Limit one of each Pokémon
|rule|OHKO Clause: OHKO moves are banned
|rule|Evasion Items Clause: Evasion items are banned
|rule|Evasion Moves Clause: Evasion moves are banned
|rule|Endless Battle Clause: Forcing endless battles is banned
|rule|HP Percentage Mod: HP is shown in percentages
|rule|One Boost Passer Clause: Limit one Baton Passer that has a way to boost its stats
|rule|Freeze Clause Mod: Limit one foe frozen
|
|t:|1727795471
|start
|switch|p1a: Metagross|Metagross|100/100
|switch|p2a: Zanna|Zapdos|100/100
|turn|1
|inactive|Deckline also wants the timer to be on.
|c|☆Deckline|gl hf
|c|☆salmonlad|glhf
|
|t:|1727795494
|move|p2a: Zanna|Substitute|p2a: Zanna
|-start|p2a: Zanna|Substitute
|-damage|p2a: Zanna|76/100
|move|p1a: Metagross|Rock Slide|p2a: Zanna
|-supereffective|p2a: Zanna
|-end|p2a: Zanna|Substitute
|
|-heal|p2a: Zanna|82/100|[from] item: Leftovers
|upkeep
|turn|2
|
|t:|1727795501
|move|p2a: Zanna|Baton Pass|p2a: Zanna
|
|t:|1727795503
|switch|p2a: Morigeratezza|Metagross|100/100|[from] Baton Pass
|move|p1a: Metagross|Rock Slide|p2a: Morigeratezza|[miss]
|-miss|p1a: Metagross|p2a: Morigeratezza
|
|upkeep
|turn|3
|
|t:|1727795512
|switch|p1a: Suicune|Suicune|100/100
|move|p2a: Morigeratezza|Meteor Mash|p1a: Suicune
|-resisted|p1a: Suicune
|-damage|p1a: Suicune|80/100
|
|-heal|p1a: Suicune|86/100|[from] item: Leftovers
|upkeep
|turn|4
|
|t:|1727795540
|switch|p2a: Zanna|Zapdos|82/100
|move|p1a: Suicune|Surf|p2a: Zanna
|-damage|p2a: Zanna|36/100
|
|-heal|p2a: Zanna|42/100|[from] item: Leftovers
|-heal|p1a: Suicune|92/100|[from] item: Leftovers
|upkeep
|turn|5
|
|t:|1727795546
|switch|p1a: Snorlax|Snorlax, M|100/100
|move|p2a: Zanna|Thunderbolt|p1a: Snorlax
|-damage|p1a: Snorlax|71/100
|
|-heal|p2a: Zanna|48/100|[from] item: Leftovers
|-heal|p1a: Snorlax|78/100|[from] item: Leftovers
|upkeep
|turn|6
|
|t:|1727795559
|move|p2a: Zanna|Baton Pass|p2a: Zanna
|
|t:|1727795561
|switch|p2a: Morigeratezza|Metagross|100/100|[from] Baton Pass
|move|p1a: Snorlax|Body Slam|p2a: Morigeratezza
|-resisted|p2a: Morigeratezza
|-damage|p2a: Morigeratezza|85/100
|
|-heal|p2a: Morigeratezza|91/100|[from] item: Leftovers
|-heal|p1a: Snorlax|84/100|[from] item: Leftovers
|upkeep
|turn|7
|
|t:|1727795573
|switch|p1a: Suicune|Suicune|92/100
|move|p2a: Morigeratezza|Meteor Mash|p1a: Suicune
|-resisted|p1a: Suicune
|-damage|p1a: Suicune|71/100
|
|-heal|p1a: Suicune|78/100|[from] item: Leftovers
|-heal|p2a: Morigeratezza|97/100|[from] item: Leftovers
|upkeep
|turn|8
|
|t:|1727795593
|switch|p1a: Metagross|Metagross|100/100
|move|p2a: Morigeratezza|Explosion|p1a: Metagross
|-resisted|p1a: Metagross
|-damage|p1a: Metagross|29/100
|faint|p2a: Morigeratezza
|
|t:|1727795598
|switch|p2a: Dominio|Dugtrio, M|100/100
|
|upkeep
|turn|9
|
|t:|1727795601
|move|p2a: Dominio|Earthquake|p1a: Metagross
|-supereffective|p1a: Metagross
|-damage|p1a: Metagross|0 fnt
|faint|p1a: Metagross
|
|t:|1727795604
|switch|p1a: Salamence|Salamence, M|100/100
|-ability|p1a: Salamence|Intimidate|boost
|-unboost|p2a: Dominio|atk|1
|
|upkeep
|turn|10
|
|t:|1727795608
|switch|p2a: Soluzione|Suicune|100/100
|move|p1a: Salamence|Fire Blast|p2a: Soluzione
|-resisted|p2a: Soluzione
|-damage|p2a: Soluzione|83/100
|
|-heal|p2a: Soluzione|89/100|[from] item: Leftovers
|upkeep
|turn|11
|
|t:|1727795613
|switch|p1a: Snorlax|Snorlax, M|84/100
|move|p2a: Soluzione|Calm Mind|p2a: Soluzione
|-boost|p2a: Soluzione|spa|1
|-boost|p2a: Soluzione|spd|1
|
|-heal|p2a: Soluzione|95/100|[from] item: Leftovers
|-heal|p1a: Snorlax|90/100|[from] item: Leftovers
|upkeep
|turn|12
|
|t:|1727795622
|move|p2a: Soluzione|Calm Mind|p2a: Soluzione
|-boost|p2a: Soluzione|spa|1
|-boost|p2a: Soluzione|spd|1
|move|p1a: Snorlax|Body Slam|p2a: Soluzione
|-damage|p2a: Soluzione|59/100
|-status|p2a: Soluzione|par
|
|-heal|p1a: Snorlax|96/100|[from] item: Leftovers
|-heal|p2a: Soluzione|65/100 par|[from] item: Leftovers
|upkeep
|turn|13
|
|t:|1727795624
|move|p1a: Snorlax|Body Slam|p2a: Soluzione
|-damage|p2a: Soluzione|29/100 par
|cant|p2a: Soluzione|par
|
|-heal|p1a: Snorlax|100/100|[from] item: Leftovers
|-heal|p2a: Soluzione|35/100 par|[from] item: Leftovers
|upkeep
|turn|14
|
|t:|1727795628
|move|p1a: Snorlax|Body Slam|p2a: Soluzione
|-damage|p2a: Soluzione|0 fnt
|faint|p2a: Soluzione
|
|t:|1727795652
|switch|p2a: Zanna|Zapdos|48/100
|
|-heal|p2a: Zanna|55/100|[from] item: Leftovers
|upkeep
|turn|15
|
|t:|1727795654
|move|p2a: Zanna|Thunderbolt|p1a: Snorlax
|-damage|p1a: Snorlax|71/100
|move|p1a: Snorlax|Body Slam|p2a: Zanna
|-damage|p2a: Zanna|2/100
|
|-heal|p2a: Zanna|9/100|[from] item: Leftovers
|-heal|p1a: Snorlax|77/100|[from] item: Leftovers
|upkeep
|turn|16
|
|t:|1727795658
|move|p2a: Zanna|Thunderbolt|p1a: Snorlax
|-damage|p1a: Snorlax|48/100
|move|p1a: Snorlax|Body Slam|p2a: Zanna
|-damage|p2a: Zanna|0 fnt
|faint|p2a: Zanna
|
|t:|1727795661
|switch|p2a: Dominio|Dugtrio, M|100/100
|
|-heal|p1a: Snorlax|54/100|[from] item: Leftovers
|upkeep
|turn|17
|
|t:|1727795664
|move|p2a: Dominio|Earthquake|p1a: Snorlax
|-damage|p1a: Snorlax|4/100
|move|p1a: Snorlax|Body Slam|p2a: Dominio
|-damage|p2a: Dominio|0 fnt
|faint|p2a: Dominio
|
|t:|1727795672
|switch|p2a: Alterazione|Ludicolo, F|100/100
|
|-heal|p1a: Snorlax|10/100|[from] item: Leftovers
|upkeep
|turn|18
|
|t:|1727795676
|move|p2a: Alterazione|Rain Dance|p2a: Alterazione
|-weather|RainDance
|move|p1a: Snorlax|Self-Destruct|p2a: Alterazione
|-damage|p2a: Alterazione|0 fnt
|faint|p1a: Snorlax
|faint|p2a: Alterazione
|
|t:|1727795682
|switch|p2a: Risoluzione|Raikou|100/100
|switch|p1a: TauntToxic 185|Tyranitar, F|100/100
|-weather|Sandstorm|[from] ability: Sand Stream|[of] p1a: TauntToxic 185
|
|-weather|Sandstorm|[upkeep]
|-damage|p2a: Risoluzione|94/100|[from] Sandstorm
|-heal|p2a: Risoluzione|100/100|[from] item: Leftovers
|upkeep
|turn|19
|
|t:|1727795689
|move|p2a: Risoluzione|Thunderbolt|p1a: TauntToxic 185
|-damage|p1a: TauntToxic 185|63/100
|-status|p1a: TauntToxic 185|par
|-enditem|p1a: TauntToxic 185|Lum Berry|[eat]
|-curestatus|p1a: TauntToxic 185|par|[msg]
|move|p1a: TauntToxic 185|Earthquake|p2a: Risoluzione
|-supereffective|p2a: Risoluzione
|-damage|p2a: Risoluzione|8/100
|
|-weather|Sandstorm|[upkeep]
|-damage|p2a: Risoluzione|2/100|[from] Sandstorm
|-heal|p2a: Risoluzione|8/100|[from] item: Leftovers
|upkeep
|turn|20
|
|t:|1727795695
|move|p2a: Risoluzione|Thunderbolt|p1a: TauntToxic 185
|-damage|p1a: TauntToxic 185|25/100
|move|p1a: TauntToxic 185|Earthquake|p2a: Risoluzione
|-supereffective|p2a: Risoluzione
|-crit|p2a: Risoluzione
|-damage|p2a: Risoluzione|0 fnt
|faint|p2a: Risoluzione
|
|win|Deckline
|c|☆salmonlad|gg
|c|☆Deckline|g
|c|☆Deckline|g
|player|p2|
|player|p2|salmonlad|265|
|player|p2|
|player|p1|

</script>
<script type="application/json" class="data" id="replaydata-smogtours-gen3ou-793766">
{"id":"smogtours-gen3ou-793766","format":"[Gen 3] OU","players":["Deckline","salmonlad"],"uploadtime":1727795695,"views":145,"formatid":"gen3ou","rating":null,"private":0,"password":null}
</script>

<script defer src="js/replays.js?9d40a366"></script>
