<!DOCTYPE html>
<meta charset="utf-8" />
<meta name="viewport" content="width=device-width" />

<title>[Gen 3] OU: shoegazes vs. blyargh - Replays - Pok&eacute;mon Showdown!</title>

<meta name="description" content="Watch a replay of a Pok&eacute;mon battle between shoegazes and blyargh! Format: [Gen 3] OU; Date: Oct 23, 2024" />
<!--

Hey, you! Looking in the source for the replay log?

You can find them in JSON format, just add `.json` at the end of a replay URL.

https://replay.pokemonshowdown.com/gen7randomdoublesbattle-865046831.json

Or, if you only need the log itself, add `.log` instead:

https://replay.pokemonshowdown.com/gen7randomdoublesbattle-865046831.log

-->

<link rel="stylesheet" href="//pokemonshowdown.com/style/global.css?0.767286132409787" />
<link rel="stylesheet" href="//play.pokemonshowdown.com/style/font-awesome.css?0.9266228007934947" />
<link rel="stylesheet" href="//play.pokemonshowdown.com/style/battle.css?0.7924700842790926" />
<link rel="stylesheet" href="//play.pokemonshowdown.com/style/utilichart.css?0.8777417872839479" />

<!-- Global site tag (gtag.js) - Google Analytics -->
<script async src="https://www.googletagmanager.com/gtag/js?id=UA-26211653-1"></script>
<script>
  window.dataLayer = window.dataLayer || [];
  function gtag(){dataLayer.push(arguments);}
  gtag('js', new Date());

  gtag('config', 'UA-26211653-1');
</script>
<!-- End Google Analytics -->
<!-- Venatus Ad Manager - Install in <HEAD> of page -->
	<script src="https://hb.vntsm.com/v3/live/ad-manager.min.js" type="text/javascript" data-site-id="642aba63ec9a7b11c3c9c1be" data-mode="scan" async></script>
<!-- / Venatus Ad Manager -->

<style>
	@media (max-width:820px) {
		.battle {
			margin: 0 auto;
		}
		.battle-log {
			margin: 7px auto 0;
			max-width: 640px;
			height: 300px;
			position: static;
		}
	}
	.optgroup {
		display: inline-block;
		line-height: 22px;
		font-size: 10pt;
	}
	.optgroup .button {
		height: 25px;
		padding-top: 0;
		padding-bottom: 0;
	}
	.optgroup button.button {
		padding-left: 12px;
		padding-right: 12px;
	}
	.linklist {
		list-style: none;
		margin: 0.5em 0;
		padding: 0;
	}
	.linklist li {
		padding: 2px 0;
	}
	.sidebar {
		float: left;
		width: 320px;
	}
	.bar-wrapper {
		max-width: 1100px;
		margin: 0 auto;
	}
	.bar-wrapper.has-sidebar {
		max-width: 1430px;
	}
	.mainbar {
		margin: 0;
		padding-right: 1px;
	}
	.mainbar.has-sidebar {
		margin-left: 330px;
	}
	@media (min-width: 1511px) {
		.sidebar {
			width: 400px;
		}
		.bar-wrapper.has-sidebar {
			max-width: 1510px;
		}
		.mainbar.has-sidebar {
			margin-left: 410px;
		}
	}
	.section.first-section {
		margin-top: 9px;
	}
	.blocklink small {
		white-space: normal;
	}
	.button {
		vertical-align: middle;
	}
	.replay-controls {
		padding-top: 10px;
	}
	.replay-controls h1 {
		font-size: 16pt;
		font-weight: normal;
		color: #CCC;
	}
	.pagelink {
		text-align: center;
	}
	.pagelink a {
		width: 150px;
	}
	.textbox, .button {
		font-size: 11pt;
		vertical-align: middle;
	}
	@media (max-width: 450px) {
		.button {
			font-size: 9pt;
		}
	}
</style>

<div>

	<header>
		<div class="nav-wrapper"><ul class="nav">
			<li><a class="button nav-first" href="//pokemonshowdown.com/"><img src="//pokemonshowdown.com/images/pokemonshowdownbeta.png" srcset="//pokemonshowdown.com/images/pokemonshowdownbeta.png 1x, //pokemonshowdown.com/images/pokemonshowdownbeta@2x.png 2x" alt="Pok&eacute;mon Showdown" width="146" height="44" /> Home</a></li>
			<li><a class="button" href="//pokemonshowdown.com/dex/">Pok&eacute;dex</a></li>
			<li><a class="button cur" href="/">Replays</a></li>
			<li><a class="button" href="//pokemonshowdown.com/ladder/">Ladder</a></li>
			<li><a class="button nav-last" href="//pokemonshowdown.com/forums/">Forum</a></li>
			<li><a class="button greenbutton nav-first nav-last" href="//play.pokemonshowdown.com/">Play</a></li>
		</ul></div>
	</header>

	<div class="main" id="main">

		<noscript><section class="section">You need to enable JavaScript to use this page; sorry!</section></noscript>

	</div>

</div>

<script defer nomodule src="//play.pokemonshowdown.com/js/lib/ps-polyfill.js"></script>
<script defer src="//play.pokemonshowdown.com/js/lib/preact.min.js"></script>

<script defer src="//play.pokemonshowdown.com/config/config.js?6dec07f6"></script>
<script defer src="//play.pokemonshowdown.com/js/lib/jquery-1.11.0.min.js"></script>
<script defer src="//play.pokemonshowdown.com/js/lib/html-sanitizer-minified.js"></script>
<script defer src="//play.pokemonshowdown.com/js/battle-sound.js"></script>
<script defer src="//play.pokemonshowdown.com/js/battledata.js?0.6315294753075389"></script>
<script defer src="//play.pokemonshowdown.com/data/pokedex-mini.js?0.7603743185311358"></script>
<script defer src="//play.pokemonshowdown.com/data/pokedex-mini-bw.js?0.030888842834281283"></script>
<script defer src="//play.pokemonshowdown.com/data/graphics.js?0.05593094747507488"></script>
<script defer src="//play.pokemonshowdown.com/data/pokedex.js?0.47064822249611904"></script>
<script defer src="//play.pokemonshowdown.com/data/moves.js?0.8583693120512459"></script>
<script defer src="//play.pokemonshowdown.com/data/abilities.js?0.16017181182386842"></script>
<script defer src="//play.pokemonshowdown.com/data/items.js?0.4163379185673943"></script>
<script defer src="//play.pokemonshowdown.com/data/teambuilder-tables.js?0.31075597372830477"></script>
<script defer src="//play.pokemonshowdown.com/js/battle-tooltips.js?0.6536193500708172"></script>
<script defer src="//play.pokemonshowdown.com/js/battle.js?0.1916591943277901"></script>

<script defer src="js/utils.js?e31f9a17"></script>
<script defer src="js/replays-battle.js?7008c182"></script>

<!-- don't scrape this data! just add .json or .log after the URL!
Full API docs: https://github.com/smogon/pokemon-showdown-client/blob/master/WEB-API.md -->
<script type="text/plain" class="log" id="replaylog-smogtours-gen3ou-801419">
|inactive|Battle timer is ON: inactive players will automatically lose when time's up.
|t:|1729716918
|gametype|singles
|player|p1|shoegazes|dahlia|
|player|p2|blyargh|#advpliv|
|teamsize|p1|6
|teamsize|p2|6
|gen|3
|tier|[Gen 3] OU
|rule|Sleep Clause Mod: Limit one foe put to sleep
|rule|Switch Priority Clause Mod: Faster Pokémon switch first
|rule|Species Clause: Limit one of each Pokémon
|rule|OHKO Clause: OHKO moves are banned
|rule|Evasion Items Clause: Evasion items are banned
|rule|Evasion Moves Clause: Evasion moves are banned
|rule|Endless Battle Clause: Forcing endless battles is banned
|rule|HP Percentage Mod: HP is shown in percentages
|rule|One Boost Passer Clause: Limit one Baton Passer that has a way to boost its stats
|rule|Freeze Clause Mod: Limit one foe frozen
|
|t:|1729716918
|start
|switch|p1a: Tyranitar|Tyranitar, M|100/100
|switch|p2a: Zapdos|Zapdos|100/100
|-weather|Sandstorm|[from] ability: Sand Stream|[of] p1a: Tyranitar
|turn|1
|c|☆blyargh|hf!
|c|☆shoegazes|hf!!
|
|t:|1729716934
|move|p2a: Zapdos|Baton Pass|p2a: Zapdos
|
|t:|1729716938
|switch|p2a: Metagross|Metagross|100/100|[from] Baton Pass
|move|p1a: Tyranitar|Rock Slide|p2a: Metagross
|-resisted|p2a: Metagross
|-damage|p2a: Metagross|73/100
|
|-weather|Sandstorm|[upkeep]
|-heal|p2a: Metagross|79/100|[from] item: Leftovers
|upkeep
|turn|2
|
|t:|1729716943
|switch|p1a: Swampert|Swampert, F|100/100
|move|p2a: Metagross|Hidden Power|p1a: Swampert
|-resisted|p1a: Swampert
|-damage|p1a: Swampert|90/100
|
|-weather|Sandstorm|[upkeep]
|-heal|p2a: Metagross|85/100|[from] item: Leftovers
|-heal|p1a: Swampert|97/100|[from] item: Leftovers
|upkeep
|turn|3
|
|t:|1729716959
|switch|p2a: Zapdos|Zapdos|100/100
|move|p1a: Swampert|Surf|p2a: Zapdos
|-damage|p2a: Zapdos|73/100
|
|-weather|Sandstorm|[upkeep]
|-damage|p2a: Zapdos|67/100|[from] Sandstorm
|-heal|p2a: Zapdos|73/100|[from] item: Leftovers
|-heal|p1a: Swampert|100/100|[from] item: Leftovers
|upkeep
|turn|4
|
|t:|1729716971
|switch|p1a: Blissey|Blissey, F|100/100
|move|p2a: Zapdos|Baton Pass|p2a: Zapdos
|
|t:|1729716975
|switch|p2a: Metagross|Metagross|85/100|[from] Baton Pass
|
|-weather|Sandstorm|[upkeep]
|-damage|p1a: Blissey|94/100|[from] Sandstorm
|-heal|p2a: Metagross|91/100|[from] item: Leftovers
|-heal|p1a: Blissey|100/100|[from] item: Leftovers
|upkeep
|turn|5
|
|t:|1729717004
|switch|p1a: Swampert|Swampert, F|100/100
|move|p2a: Metagross|Psychic|p1a: Swampert
|-damage|p1a: Swampert|66/100
|
|-weather|Sandstorm|[upkeep]
|-heal|p2a: Metagross|98/100|[from] item: Leftovers
|-heal|p1a: Swampert|72/100|[from] item: Leftovers
|upkeep
|turn|6
|
|t:|1729717014
|switch|p1a: Blissey|Blissey, F|100/100
|move|p2a: Metagross|Psychic|p1a: Blissey
|-damage|p1a: Blissey|84/100
|
|-weather|Sandstorm|[upkeep]
|-damage|p1a: Blissey|78/100|[from] Sandstorm
|-heal|p2a: Metagross|100/100|[from] item: Leftovers
|-heal|p1a: Blissey|84/100|[from] item: Leftovers
|upkeep
|turn|7
|
|t:|1729717028
|switch|p1a: Skarmory|Skarmory, M|100/100
|move|p2a: Metagross|Meteor Mash|p1a: Skarmory
|-resisted|p1a: Skarmory
|-damage|p1a: Skarmory|82/100
|
|-weather|Sandstorm|[upkeep]
|-heal|p1a: Skarmory|88/100|[from] item: Leftovers
|upkeep
|turn|8
|
|t:|1729717037
|move|p2a: Metagross|Hidden Power|p1a: Skarmory
|-supereffective|p1a: Skarmory
|-crit|p1a: Skarmory
|-damage|p1a: Skarmory|7/100
|move|p1a: Skarmory|Spikes|p2a: Metagross
|-sidestart|p2: blyargh|Spikes
|
|-weather|Sandstorm|[upkeep]
|-heal|p1a: Skarmory|13/100|[from] item: Leftovers
|upkeep
|turn|9
|c|☆blyargh|mb
|
|t:|1729717044
|move|p1a: Skarmory|Protect|p1a: Skarmory
|-singleturn|p1a: Skarmory|Protect
|move|p2a: Metagross|Hidden Power|p1a: Skarmory
|-activate|p1a: Skarmory|Protect
|
|-weather|Sandstorm|[upkeep]
|-heal|p1a: Skarmory|19/100|[from] item: Leftovers
|upkeep
|turn|10
|
|t:|1729717047
|switch|p1a: Moltres|Moltres|100/100
|move|p2a: Metagross|Meteor Mash|p1a: Moltres
|-resisted|p1a: Moltres
|-damage|p1a: Moltres|75/100
|-boost|p2a: Metagross|atk|1
|
|-weather|Sandstorm|[upkeep]
|-damage|p1a: Moltres|69/100|[from] Sandstorm
|-heal|p1a: Moltres|75/100|[from] item: Leftovers
|upkeep
|turn|11
|
|t:|1729717054
|switch|p2a: Zapdos|Zapdos|73/100
|move|p1a: Moltres|Flamethrower|p2a: Zapdos
|-damage|p2a: Zapdos|30/100
|
|-weather|Sandstorm|[upkeep]
|-damage|p1a: Moltres|69/100|[from] Sandstorm
|-damage|p2a: Zapdos|24/100|[from] Sandstorm
|-heal|p1a: Moltres|75/100|[from] item: Leftovers
|-heal|p2a: Zapdos|30/100|[from] item: Leftovers
|upkeep
|turn|12
|
|t:|1729717059
|move|p1a: Moltres|Flamethrower|p2a: Zapdos
|-damage|p2a: Zapdos|0 fnt
|faint|p2a: Zapdos
|
|t:|1729717062
|switch|p2a: Suicune|Suicune|100/100
|-damage|p2a: Suicune|88/100|[from] Spikes
|
|-weather|Sandstorm|[upkeep]
|-damage|p1a: Moltres|69/100|[from] Sandstorm
|-damage|p2a: Suicune|82/100|[from] Sandstorm
|-heal|p1a: Moltres|75/100|[from] item: Leftovers
|-heal|p2a: Suicune|88/100|[from] item: Leftovers
|upkeep
|turn|13
|
|t:|1729717067
|switch|p1a: Blissey|Blissey, F|84/100
|move|p2a: Suicune|Calm Mind|p2a: Suicune
|-boost|p2a: Suicune|spa|1
|-boost|p2a: Suicune|spd|1
|
|-weather|Sandstorm|[upkeep]
|-damage|p2a: Suicune|82/100|[from] Sandstorm
|-damage|p1a: Blissey|78/100|[from] Sandstorm
|-heal|p2a: Suicune|88/100|[from] item: Leftovers
|-heal|p1a: Blissey|84/100|[from] item: Leftovers
|upkeep
|turn|14
|
|t:|1729717071
|move|p2a: Suicune|Toxic|p1a: Blissey
|-status|p1a: Blissey|tox
|move|p1a: Blissey|Thunderbolt|p2a: Suicune
|-supereffective|p2a: Suicune
|-damage|p2a: Suicune|58/100
|
|-weather|Sandstorm|[upkeep]
|-damage|p2a: Suicune|52/100|[from] Sandstorm
|-damage|p1a: Blissey|78/100 tox|[from] Sandstorm
|-heal|p2a: Suicune|58/100|[from] item: Leftovers
|-heal|p1a: Blissey|84/100 tox|[from] item: Leftovers
|-damage|p1a: Blissey|78/100 tox|[from] psn
|upkeep
|turn|15
|
|t:|1729717076
|move|p2a: Suicune|Hydro Pump|p1a: Blissey
|-damage|p1a: Blissey|44/100 tox
|move|p1a: Blissey|Thunderbolt|p2a: Suicune
|-supereffective|p2a: Suicune
|-damage|p2a: Suicune|31/100
|
|-weather|Sandstorm|[upkeep]
|-damage|p2a: Suicune|25/100|[from] Sandstorm
|-damage|p1a: Blissey|38/100 tox|[from] Sandstorm
|-heal|p2a: Suicune|31/100|[from] item: Leftovers
|-heal|p1a: Blissey|44/100 tox|[from] item: Leftovers
|-damage|p1a: Blissey|32/100 tox|[from] psn
|upkeep
|turn|16
|
|t:|1729717081
|-curestatus|p1a: Blissey|tox|[from] ability: Natural Cure
|switch|p1a: Skarmory|Skarmory, M|19/100
|move|p2a: Suicune|Hydro Pump|p1a: Skarmory
|-damage|p1a: Skarmory|0 fnt
|faint|p1a: Skarmory
|
|t:|1729717086
|switch|p1a: Tyranitar|Tyranitar, M|100/100
|
|-weather|Sandstorm|[upkeep]
|-damage|p2a: Suicune|25/100|[from] Sandstorm
|-heal|p2a: Suicune|31/100|[from] item: Leftovers
|upkeep
|turn|17
|
|t:|1729717091
|move|p2a: Suicune|Hydro Pump|p1a: Tyranitar
|-supereffective|p1a: Tyranitar
|-damage|p1a: Tyranitar|0 fnt
|faint|p1a: Tyranitar
|
|t:|1729717099
|switch|p1a: Blissey|Blissey, F|32/100
|
|-weather|Sandstorm|[upkeep]
|-damage|p2a: Suicune|25/100|[from] Sandstorm
|-damage|p1a: Blissey|26/100|[from] Sandstorm
|-heal|p2a: Suicune|31/100|[from] item: Leftovers
|-heal|p1a: Blissey|32/100|[from] item: Leftovers
|upkeep
|turn|18
|
|t:|1729717107
|move|p2a: Suicune|Hydro Pump|p1a: Blissey
|-damage|p1a: Blissey|0 fnt
|faint|p1a: Blissey
|c|☆shoegazes|gg
|-message|shoegazes forfeited.
|
|win|blyargh
|c|☆blyargh|gg
|player|p2|

</script>
<script type="application/json" class="data" id="replaydata-smogtours-gen3ou-801419">
{"id":"smogtours-gen3ou-801419","format":"[Gen 3] OU","players":["shoegazes","blyargh"],"uploadtime":1729717112,"views":129,"formatid":"gen3ou","rating":null,"private":0,"password":null}
</script>

<script defer src="js/replays.js?9d40a366"></script>
