<!DOCTYPE html>
<meta charset="utf-8" />
<meta name="viewport" content="width=device-width" />

<title>[Gen 3] OU: mkizzy vs. lacoot - Replays - Pok&eacute;mon Showdown!</title>

<meta name="description" content="Watch a replay of a Pok&eacute;mon battle between mkizzy and lacoot! Format: [Gen 3] OU; Date: Oct 3, 2024" />
<!--

Hey, you! Looking in the source for the replay log?

You can find them in JSON format, just add `.json` at the end of a replay URL.

https://replay.pokemonshowdown.com/gen7randomdoublesbattle-865046831.json

Or, if you only need the log itself, add `.log` instead:

https://replay.pokemonshowdown.com/gen7randomdoublesbattle-865046831.log

-->

<link rel="stylesheet" href="//pokemonshowdown.com/style/global.css?0.767286132409787" />
<link rel="stylesheet" href="//play.pokemonshowdown.com/style/font-awesome.css?0.9266228007934947" />
<link rel="stylesheet" href="//play.pokemonshowdown.com/style/battle.css?0.7924700842790926" />
<link rel="stylesheet" href="//play.pokemonshowdown.com/style/utilichart.css?0.8777417872839479" />

<!-- Global site tag (gtag.js) - Google Analytics -->
<script async src="https://www.googletagmanager.com/gtag/js?id=UA-26211653-1"></script>
<script>
  window.dataLayer = window.dataLayer || [];
  function gtag(){dataLayer.push(arguments);}
  gtag('js', new Date());

  gtag('config', 'UA-26211653-1');
</script>
<!-- End Google Analytics -->
<!-- Venatus Ad Manager - Install in <HEAD> of page -->
	<script src="https://hb.vntsm.com/v3/live/ad-manager.min.js" type="text/javascript" data-site-id="642aba63ec9a7b11c3c9c1be" data-mode="scan" async></script>
<!-- / Venatus Ad Manager -->

<style>
	@media (max-width:820px) {
		.battle {
			margin: 0 auto;
		}
		.battle-log {
			margin: 7px auto 0;
			max-width: 640px;
			height: 300px;
			position: static;
		}
	}
	.optgroup {
		display: inline-block;
		line-height: 22px;
		font-size: 10pt;
	}
	.optgroup .button {
		height: 25px;
		padding-top: 0;
		padding-bottom: 0;
	}
	.optgroup button.button {
		padding-left: 12px;
		padding-right: 12px;
	}
	.linklist {
		list-style: none;
		margin: 0.5em 0;
		padding: 0;
	}
	.linklist li {
		padding: 2px 0;
	}
	.sidebar {
		float: left;
		width: 320px;
	}
	.bar-wrapper {
		max-width: 1100px;
		margin: 0 auto;
	}
	.bar-wrapper.has-sidebar {
		max-width: 1430px;
	}
	.mainbar {
		margin: 0;
		padding-right: 1px;
	}
	.mainbar.has-sidebar {
		margin-left: 330px;
	}
	@media (min-width: 1511px) {
		.sidebar {
			width: 400px;
		}
		.bar-wrapper.has-sidebar {
			max-width: 1510px;
		}
		.mainbar.has-sidebar {
			margin-left: 410px;
		}
	}
	.section.first-section {
		margin-top: 9px;
	}
	.blocklink small {
		white-space: normal;
	}
	.button {
		vertical-align: middle;
	}
	.replay-controls {
		padding-top: 10px;
	}
	.replay-controls h1 {
		font-size: 16pt;
		font-weight: normal;
		color: #CCC;
	}
	.pagelink {
		text-align: center;
	}
	.pagelink a {
		width: 150px;
	}
	.textbox, .button {
		font-size: 11pt;
		vertical-align: middle;
	}
	@media (max-width: 450px) {
		.button {
			font-size: 9pt;
		}
	}
</style>

<div>

	<header>
		<div class="nav-wrapper"><ul class="nav">
			<li><a class="button nav-first" href="//pokemonshowdown.com/"><img src="//pokemonshowdown.com/images/pokemonshowdownbeta.png" srcset="//pokemonshowdown.com/images/pokemonshowdownbeta.png 1x, //pokemonshowdown.com/images/pokemonshowdownbeta@2x.png 2x" alt="Pok&eacute;mon Showdown" width="146" height="44" /> Home</a></li>
			<li><a class="button" href="//pokemonshowdown.com/dex/">Pok&eacute;dex</a></li>
			<li><a class="button cur" href="/">Replays</a></li>
			<li><a class="button" href="//pokemonshowdown.com/ladder/">Ladder</a></li>
			<li><a class="button nav-last" href="//pokemonshowdown.com/forums/">Forum</a></li>
			<li><a class="button greenbutton nav-first nav-last" href="//play.pokemonshowdown.com/">Play</a></li>
		</ul></div>
	</header>

	<div class="main" id="main">

		<noscript><section class="section">You need to enable JavaScript to use this page; sorry!</section></noscript>

	</div>

</div>

<script defer nomodule src="//play.pokemonshowdown.com/js/lib/ps-polyfill.js"></script>
<script defer src="//play.pokemonshowdown.com/js/lib/preact.min.js"></script>

<script defer src="//play.pokemonshowdown.com/config/config.js?6dec07f6"></script>
<script defer src="//play.pokemonshowdown.com/js/lib/jquery-1.11.0.min.js"></script>
<script defer src="//play.pokemonshowdown.com/js/lib/html-sanitizer-minified.js"></script>
<script defer src="//play.pokemonshowdown.com/js/battle-sound.js"></script>
<script defer src="//play.pokemonshowdown.com/js/battledata.js?0.6315294753075389"></script>
<script defer src="//play.pokemonshowdown.com/data/pokedex-mini.js?0.7603743185311358"></script>
<script defer src="//play.pokemonshowdown.com/data/pokedex-mini-bw.js?0.030888842834281283"></script>
<script defer src="//play.pokemonshowdown.com/data/graphics.js?0.05593094747507488"></script>
<script defer src="//play.pokemonshowdown.com/data/pokedex.js?0.47064822249611904"></script>
<script defer src="//play.pokemonshowdown.com/data/moves.js?0.8583693120512459"></script>
<script defer src="//play.pokemonshowdown.com/data/abilities.js?0.16017181182386842"></script>
<script defer src="//play.pokemonshowdown.com/data/items.js?0.4163379185673943"></script>
<script defer src="//play.pokemonshowdown.com/data/teambuilder-tables.js?0.31075597372830477"></script>
<script defer src="//play.pokemonshowdown.com/js/battle-tooltips.js?0.6536193500708172"></script>
<script defer src="//play.pokemonshowdown.com/js/battle.js?0.1916591943277901"></script>

<script defer src="js/utils.js?e31f9a17"></script>
<script defer src="js/replays-battle.js?7008c182"></script>

<!-- don't scrape this data! just add .json or .log after the URL!
Full API docs: https://github.com/smogon/pokemon-showdown-client/blob/master/WEB-API.md -->
<script type="text/plain" class="log" id="replaylog-smogtours-gen3ou-794391">
|inactive|Battle timer is ON: inactive players will automatically lose when time's up.
|t:|1727990172
|gametype|singles
|player|p1|mkizzy|brock-gen2|
|player|p2|lacoot|medium|
|teamsize|p1|6
|teamsize|p2|6
|gen|3
|tier|[Gen 3] OU
|rule|Sleep Clause Mod: Limit one foe put to sleep
|rule|Switch Priority Clause Mod: Faster Pokémon switch first
|rule|Species Clause: Limit one of each Pokémon
|rule|OHKO Clause: OHKO moves are banned
|rule|Evasion Items Clause: Evasion items are banned
|rule|Evasion Moves Clause: Evasion moves are banned
|rule|Endless Battle Clause: Forcing endless battles is banned
|rule|HP Percentage Mod: HP is shown in percentages
|rule|One Boost Passer Clause: Limit one Baton Passer that has a way to boost its stats
|rule|Freeze Clause Mod: Limit one foe frozen
|
|t:|1727990172
|start
|switch|p1a: If it aint gang|Zapdos|100/100
|switch|p2a: Tyranitar|Tyranitar, F|100/100
|-weather|Sandstorm|[from] ability: Sand Stream|[of] p2a: Tyranitar
|turn|1
|c|☆lacoot|glhf
|c|☆mkizzy|hf
|
|t:|1727990197
|switch|p1a: I'll risk it|Swampert, F|100/100
|move|p2a: Tyranitar|Rock Slide|p1a: I'll risk it|[miss]
|-miss|p2a: Tyranitar|p1a: I'll risk it
|
|-weather|Sandstorm|[upkeep]
|upkeep
|turn|2
|
|t:|1727990203
|switch|p2a: Skarmory|Skarmory, M|100/100
|move|p1a: I'll risk it|Hydro Pump|p2a: Skarmory
|-damage|p2a: Skarmory|64/100
|
|-weather|Sandstorm|[upkeep]
|-heal|p2a: Skarmory|70/100|[from] item: Leftovers
|upkeep
|turn|3
|
|t:|1727990211
|switch|p1a: If it aint gang|Zapdos|100/100
|move|p2a: Skarmory|Spikes|p1a: If it aint gang
|-sidestart|p1: mkizzy|Spikes
|
|-weather|Sandstorm|[upkeep]
|-damage|p1a: If it aint gang|94/100|[from] Sandstorm
|-heal|p1a: If it aint gang|100/100|[from] item: Leftovers
|-heal|p2a: Skarmory|76/100|[from] item: Leftovers
|upkeep
|turn|4
|
|t:|1727990225
|move|p2a: Skarmory|Protect|p2a: Skarmory
|-singleturn|p2a: Skarmory|Protect
|move|p1a: If it aint gang|Thunderbolt|p2a: Skarmory
|-activate|p2a: Skarmory|Protect
|
|-weather|Sandstorm|[upkeep]
|-damage|p1a: If it aint gang|94/100|[from] Sandstorm
|-heal|p1a: If it aint gang|100/100|[from] item: Leftovers
|-heal|p2a: Skarmory|82/100|[from] item: Leftovers
|upkeep
|turn|5
|
|t:|1727990250
|switch|p2a: Swampert|Swampert, M|100/100
|move|p1a: If it aint gang|Thunderbolt|p2a: Swampert
|-immune|p2a: Swampert
|
|-weather|Sandstorm|[upkeep]
|-damage|p1a: If it aint gang|94/100|[from] Sandstorm
|-heal|p1a: If it aint gang|100/100|[from] item: Leftovers
|upkeep
|turn|6
|
|t:|1727990277
|move|p1a: If it aint gang|Hidden Power|p2a: Swampert
|-supereffective|p2a: Swampert
|-crit|p2a: Swampert
|-damage|p2a: Swampert|0 fnt
|faint|p2a: Swampert
|c|☆mkizzy|sry
|inactive|lacoot has 270 seconds left.
|c|☆lacoot|lol
|c|☆lacoot|its ok
|
|t:|1727990315
|switch|p2a: Aerodactyl|Aerodactyl, F|100/100
|
|-weather|Sandstorm|[upkeep]
|-damage|p1a: If it aint gang|94/100|[from] Sandstorm
|-heal|p1a: If it aint gang|100/100|[from] item: Leftovers
|upkeep
|turn|7
|
|t:|1727990328
|switch|p1a: I'll risk it|Swampert, F|100/100
|-damage|p1a: I'll risk it|88/100|[from] Spikes
|move|p2a: Aerodactyl|Rock Slide|p1a: I'll risk it
|-resisted|p1a: I'll risk it
|-damage|p1a: I'll risk it|71/100
|
|-weather|Sandstorm|[upkeep]
|-heal|p1a: I'll risk it|77/100|[from] item: Leftovers
|upkeep
|turn|8
|
|t:|1727990339
|switch|p2a: Gengar|Gengar, F|100/100
|switch|p1a: If it aint gang|Zapdos|100/100
|
|-weather|Sandstorm|[upkeep]
|-damage|p1a: If it aint gang|94/100|[from] Sandstorm
|-damage|p2a: Gengar|94/100|[from] Sandstorm
|-heal|p1a: If it aint gang|100/100|[from] item: Leftovers
|-heal|p2a: Gengar|100/100|[from] item: Leftovers
|upkeep
|turn|9
|
|t:|1727990350
|move|p1a: If it aint gang|Thunderbolt|p2a: Gengar
|-damage|p2a: Gengar|42/100
|move|p2a: Gengar|Will-O-Wisp|p1a: If it aint gang|[miss]
|-miss|p2a: Gengar|p1a: If it aint gang
|
|-weather|Sandstorm|[upkeep]
|-damage|p1a: If it aint gang|94/100|[from] Sandstorm
|-damage|p2a: Gengar|36/100|[from] Sandstorm
|-heal|p1a: If it aint gang|100/100|[from] item: Leftovers
|-heal|p2a: Gengar|42/100|[from] item: Leftovers
|upkeep
|turn|10
|
|t:|1727990359
|move|p1a: If it aint gang|Thunderbolt|p2a: Gengar
|-damage|p2a: Gengar|0 fnt
|faint|p2a: Gengar
|
|t:|1727990361
|switch|p2a: Tyranitar|Tyranitar, F|100/100
|
|-weather|Sandstorm|[upkeep]
|-damage|p1a: If it aint gang|94/100|[from] Sandstorm
|-heal|p1a: If it aint gang|100/100|[from] item: Leftovers
|upkeep
|turn|11
|
|t:|1727990369
|switch|p1a: I'll risk it|Swampert, F|77/100
|-damage|p1a: I'll risk it|65/100|[from] Spikes
|move|p2a: Tyranitar|Dragon Dance|p2a: Tyranitar
|-boost|p2a: Tyranitar|atk|1
|-boost|p2a: Tyranitar|spe|1
|
|-weather|Sandstorm|[upkeep]
|-heal|p1a: I'll risk it|71/100|[from] item: Leftovers
|upkeep
|turn|12
|
|t:|1727990377
|move|p2a: Tyranitar|Earthquake|p1a: I'll risk it
|-damage|p1a: I'll risk it|32/100
|move|p1a: I'll risk it|Hydro Pump|p2a: Tyranitar
|-supereffective|p2a: Tyranitar
|-damage|p2a: Tyranitar|3/100
|
|-weather|Sandstorm|[upkeep]
|-heal|p2a: Tyranitar|9/100|[from] item: Leftovers
|-heal|p1a: I'll risk it|38/100|[from] item: Leftovers
|upkeep
|turn|13
|
|t:|1727990387
|move|p2a: Tyranitar|Dragon Dance|p2a: Tyranitar
|-boost|p2a: Tyranitar|atk|1
|-boost|p2a: Tyranitar|spe|1
|move|p1a: I'll risk it|Earthquake|p2a: Tyranitar
|-supereffective|p2a: Tyranitar
|-damage|p2a: Tyranitar|0 fnt
|faint|p2a: Tyranitar
|
|t:|1727990393
|switch|p2a: Aerodactyl|Aerodactyl, F|100/100
|
|-weather|Sandstorm|[upkeep]
|-heal|p1a: I'll risk it|45/100|[from] item: Leftovers
|upkeep
|turn|14
|
|t:|1727990413
|move|p2a: Aerodactyl|Double-Edge|p1a: I'll risk it
|-damage|p1a: I'll risk it|7/100
|move|p1a: I'll risk it|Hydro Pump|p2a: Aerodactyl
|-supereffective|p2a: Aerodactyl
|-damage|p2a: Aerodactyl|0 fnt
|faint|p2a: Aerodactyl
|
|t:|1727990425
|switch|p2a: Zapdos|Zapdos|100/100
|
|-weather|Sandstorm|[upkeep]
|-damage|p2a: Zapdos|94/100|[from] Sandstorm
|-heal|p2a: Zapdos|100/100|[from] item: Leftovers
|-heal|p1a: I'll risk it|13/100|[from] item: Leftovers
|upkeep
|turn|15
|
|t:|1727990449
|move|p2a: Zapdos|Hidden Power|p1a: I'll risk it
|-damage|p1a: I'll risk it|0 fnt
|faint|p1a: I'll risk it
|inactive|mkizzy has 270 seconds left.
|
|t:|1727990480
|switch|p1a: Get me a drop|Tyranitar, F|100/100
|-damage|p1a: Get me a drop|88/100|[from] Spikes
|
|-weather|Sandstorm|[upkeep]
|-damage|p2a: Zapdos|94/100|[from] Sandstorm
|-heal|p2a: Zapdos|100/100|[from] item: Leftovers
|-heal|p1a: Get me a drop|94/100|[from] item: Leftovers
|upkeep
|turn|16
|
|t:|1727990499
|move|p2a: Zapdos|Thunderbolt|p1a: Get me a drop
|-damage|p1a: Get me a drop|58/100
|move|p1a: Get me a drop|Dragon Dance|p1a: Get me a drop
|-boost|p1a: Get me a drop|atk|1
|-boost|p1a: Get me a drop|spe|1
|
|-weather|Sandstorm|[upkeep]
|-damage|p2a: Zapdos|94/100|[from] Sandstorm
|-heal|p1a: Get me a drop|64/100|[from] item: Leftovers
|-heal|p2a: Zapdos|100/100|[from] item: Leftovers
|upkeep
|turn|17
|
|t:|1727990521
|switch|p2a: Skarmory|Skarmory, M|82/100
|move|p1a: Get me a drop|Rock Slide|p2a: Skarmory
|-damage|p2a: Skarmory|34/100
|
|-weather|Sandstorm|[upkeep]
|-heal|p1a: Get me a drop|70/100|[from] item: Leftovers
|-heal|p2a: Skarmory|40/100|[from] item: Leftovers
|upkeep
|turn|18
|
|t:|1727990531
|move|p1a: Get me a drop|Rock Slide|p2a: Skarmory
|-damage|p2a: Skarmory|0 fnt
|faint|p2a: Skarmory
|
|t:|1727990533
|switch|p2a: Zapdos|Zapdos|100/100
|
|-weather|Sandstorm|[upkeep]
|-damage|p2a: Zapdos|94/100|[from] Sandstorm
|-heal|p1a: Get me a drop|76/100|[from] item: Leftovers
|-heal|p2a: Zapdos|100/100|[from] item: Leftovers
|upkeep
|turn|19
|
|t:|1727990536
|move|p1a: Get me a drop|Rock Slide|p2a: Zapdos
|-supereffective|p2a: Zapdos
|-damage|p2a: Zapdos|0 fnt
|faint|p2a: Zapdos
|
|win|mkizzy
|c|☆lacoot|gg
|c|☆mkizzy|gg
|player|p1|

</script>
<script type="application/json" class="data" id="replaydata-smogtours-gen3ou-794391">
{"id":"smogtours-gen3ou-794391","format":"[Gen 3] OU","players":["mkizzy","lacoot"],"uploadtime":1727990536,"views":117,"formatid":"gen3ou","rating":null,"private":0,"password":null}
</script>

<script defer src="js/replays.js?9d40a366"></script>
