<!DOCTYPE html>
<meta charset="utf-8" />
<meta name="viewport" content="width=device-width" />

<title>[Gen 3] OU: Hey its me riley vs. marsandback - Replays - Pok&eacute;mon Showdown!</title>

<meta name="description" content="Watch a replay of a Pok&eacute;mon battle between Hey its me riley and marsandback! Format: [Gen 3] OU; Date: Oct 20, 2024" />
<!--

Hey, you! Looking in the source for the replay log?

You can find them in JSON format, just add `.json` at the end of a replay URL.

https://replay.pokemonshowdown.com/gen7randomdoublesbattle-865046831.json

Or, if you only need the log itself, add `.log` instead:

https://replay.pokemonshowdown.com/gen7randomdoublesbattle-865046831.log

-->

<link rel="stylesheet" href="//pokemonshowdown.com/style/global.css?0.023195364461161105" />
<link rel="stylesheet" href="//play.pokemonshowdown.com/style/font-awesome.css?0.13261647063804238" />
<link rel="stylesheet" href="//play.pokemonshowdown.com/style/battle.css?0.8753245789963631" />
<link rel="stylesheet" href="//play.pokemonshowdown.com/style/utilichart.css?0.8627959624976733" />

<!-- Global site tag (gtag.js) - Google Analytics -->
<script async src="https://www.googletagmanager.com/gtag/js?id=UA-26211653-1"></script>
<script>
  window.dataLayer = window.dataLayer || [];
  function gtag(){dataLayer.push(arguments);}
  gtag('js', new Date());

  gtag('config', 'UA-26211653-1');
</script>
<!-- End Google Analytics -->
<!-- Venatus Ad Manager - Install in <HEAD> of page -->
	<script src="https://hb.vntsm.com/v3/live/ad-manager.min.js" type="text/javascript" data-site-id="642aba63ec9a7b11c3c9c1be" data-mode="scan" async></script>
<!-- / Venatus Ad Manager -->

<style>
	@media (max-width:820px) {
		.battle {
			margin: 0 auto;
		}
		.battle-log {
			margin: 7px auto 0;
			max-width: 640px;
			height: 300px;
			position: static;
		}
	}
	.optgroup {
		display: inline-block;
		line-height: 22px;
		font-size: 10pt;
	}
	.optgroup .button {
		height: 25px;
		padding-top: 0;
		padding-bottom: 0;
	}
	.optgroup button.button {
		padding-left: 12px;
		padding-right: 12px;
	}
	.linklist {
		list-style: none;
		margin: 0.5em 0;
		padding: 0;
	}
	.linklist li {
		padding: 2px 0;
	}
	.sidebar {
		float: left;
		width: 320px;
	}
	.bar-wrapper {
		max-width: 1100px;
		margin: 0 auto;
	}
	.bar-wrapper.has-sidebar {
		max-width: 1430px;
	}
	.mainbar {
		margin: 0;
		padding-right: 1px;
	}
	.mainbar.has-sidebar {
		margin-left: 330px;
	}
	@media (min-width: 1511px) {
		.sidebar {
			width: 400px;
		}
		.bar-wrapper.has-sidebar {
			max-width: 1510px;
		}
		.mainbar.has-sidebar {
			margin-left: 410px;
		}
	}
	.section.first-section {
		margin-top: 9px;
	}
	.blocklink small {
		white-space: normal;
	}
	.button {
		vertical-align: middle;
	}
	.replay-controls {
		padding-top: 10px;
	}
	.replay-controls h1 {
		font-size: 16pt;
		font-weight: normal;
		color: #CCC;
	}
	.pagelink {
		text-align: center;
	}
	.pagelink a {
		width: 150px;
	}
	.textbox, .button {
		font-size: 11pt;
		vertical-align: middle;
	}
	@media (max-width: 450px) {
		.button {
			font-size: 9pt;
		}
	}
</style>

<div>

	<header>
		<div class="nav-wrapper"><ul class="nav">
			<li><a class="button nav-first" href="//pokemonshowdown.com/"><img src="//pokemonshowdown.com/images/pokemonshowdownbeta.png" srcset="//pokemonshowdown.com/images/pokemonshowdownbeta.png 1x, //pokemonshowdown.com/images/pokemonshowdownbeta@2x.png 2x" alt="Pok&eacute;mon Showdown" width="146" height="44" /> Home</a></li>
			<li><a class="button" href="//pokemonshowdown.com/dex/">Pok&eacute;dex</a></li>
			<li><a class="button cur" href="/">Replays</a></li>
			<li><a class="button" href="//pokemonshowdown.com/ladder/">Ladder</a></li>
			<li><a class="button nav-last" href="//pokemonshowdown.com/forums/">Forum</a></li>
			<li><a class="button greenbutton nav-first nav-last" href="//play.pokemonshowdown.com/">Play</a></li>
		</ul></div>
	</header>

	<div class="main" id="main">

		<noscript><section class="section">You need to enable JavaScript to use this page; sorry!</section></noscript>

	</div>

</div>

<script defer nomodule src="//play.pokemonshowdown.com/js/lib/ps-polyfill.js"></script>
<script defer src="//play.pokemonshowdown.com/js/lib/preact.min.js"></script>

<script defer src="//play.pokemonshowdown.com/config/config.js?2bddbc15"></script>
<script defer src="//play.pokemonshowdown.com/js/lib/jquery-1.11.0.min.js"></script>
<script defer src="//play.pokemonshowdown.com/js/lib/html-sanitizer-minified.js"></script>
<script defer src="//play.pokemonshowdown.com/js/battle-sound.js"></script>
<script defer src="//play.pokemonshowdown.com/js/battledata.js?0.7209276989879541"></script>
<script defer src="//play.pokemonshowdown.com/data/pokedex-mini.js?0.6111056340867951"></script>
<script defer src="//play.pokemonshowdown.com/data/pokedex-mini-bw.js?0.3532142036491459"></script>
<script defer src="//play.pokemonshowdown.com/data/graphics.js?0.24223875632456182"></script>
<script defer src="//play.pokemonshowdown.com/data/pokedex.js?0.38839984266356864"></script>
<script defer src="//play.pokemonshowdown.com/data/moves.js?0.21866028504024015"></script>
<script defer src="//play.pokemonshowdown.com/data/abilities.js?0.2005157953846628"></script>
<script defer src="//play.pokemonshowdown.com/data/items.js?0.9894211263848525"></script>
<script defer src="//play.pokemonshowdown.com/data/teambuilder-tables.js?0.6008791140282215"></script>
<script defer src="//play.pokemonshowdown.com/js/battle-tooltips.js?0.7580118955022959"></script>
<script defer src="//play.pokemonshowdown.com/js/battle.js?0.6057722274234274"></script>

<script defer src="js/utils.js?e31f9a17"></script>
<script defer src="js/replays-battle.js?7008c182"></script>

<!-- don't scrape this data! just add .json or .log after the URL!
Full API docs: https://github.com/smogon/pokemon-showdown-client/blob/master/WEB-API.md -->
<script type="text/plain" class="log" id="replaylog-smogtours-gen3ou-800807">
|inactive|Battle timer is ON: inactive players will automatically lose when time's up.
|t:|1729457737
|gametype|singles
|player|p1|Hey its me riley|2|
|player|p2|marsandback|erika-gen3|
|teamsize|p1|6
|teamsize|p2|6
|gen|3
|tier|[Gen 3] OU
|rule|Sleep Clause Mod: Limit one foe put to sleep
|rule|Switch Priority Clause Mod: Faster Pokémon switch first
|rule|Species Clause: Limit one of each Pokémon
|rule|OHKO Clause: OHKO moves are banned
|rule|Evasion Items Clause: Evasion items are banned
|rule|Evasion Moves Clause: Evasion moves are banned
|rule|Endless Battle Clause: Forcing endless battles is banned
|rule|HP Percentage Mod: HP is shown in percentages
|rule|One Boost Passer Clause: Limit one Baton Passer that has a way to boost its stats
|rule|Freeze Clause Mod: Limit one foe frozen
|
|t:|1729457737
|start
|switch|p1a: Metagross|Metagross|100/100
|switch|p2a: Zapdos|Zapdos|100/100
|turn|1
|
|t:|1729457750
|switch|p1a: Celebi|Celebi|100/100
|move|p2a: Zapdos|Substitute|p2a: Zapdos
|-start|p2a: Zapdos|Substitute
|-damage|p2a: Zapdos|76/100
|
|-heal|p2a: Zapdos|82/100|[from] item: Leftovers
|upkeep
|turn|2
|
|t:|1729457775
|move|p1a: Celebi|Psychic|p2a: Zapdos
|-end|p2a: Zapdos|Substitute
|move|p2a: Zapdos|Baton Pass|p2a: Zapdos
|inactive|marsandback has 270 seconds left.
|
|t:|1729457811
|switch|p2a: Jirachi|Jirachi, shiny|100/100|[from] Baton Pass
|
|upkeep
|turn|3
|
|t:|1729457816
|move|p1a: Celebi|Leech Seed|p2a: Jirachi
|-start|p2a: Jirachi|move: Leech Seed
|move|p2a: Jirachi|Fire Punch|p1a: Celebi
|-supereffective|p1a: Celebi
|-damage|p1a: Celebi|70/100
|
|-heal|p1a: Celebi|76/100|[from] item: Leftovers
|-damage|p2a: Jirachi|88/100|[from] Leech Seed|[of] p1a: Celebi
|-heal|p1a: Celebi|89/100|[silent]
|upkeep
|turn|4
|c|+cow xi|nice shiny jirachi hacker
|
|t:|1729457827
|move|p1a: Celebi|Substitute|p1a: Celebi
|-start|p1a: Celebi|Substitute
|-damage|p1a: Celebi|64/100
|move|p2a: Jirachi|Fire Punch|p1a: Celebi
|-supereffective|p1a: Celebi
|-end|p1a: Celebi|Substitute
|
|-heal|p1a: Celebi|70/100|[from] item: Leftovers
|-heal|p2a: Jirachi|94/100|[from] item: Leftovers
|-damage|p2a: Jirachi|82/100|[from] Leech Seed|[of] p1a: Celebi
|-heal|p1a: Celebi|82/100|[silent]
|upkeep
|turn|5
|
|t:|1729457840
|move|p1a: Celebi|Baton Pass|p1a: Celebi
|
|t:|1729457844
|switch|p1a: Tyranitar|Tyranitar, F|100/100|[from] Baton Pass
|-weather|Sandstorm|[from] ability: Sand Stream|[of] p1a: Tyranitar
|move|p2a: Jirachi|Fire Punch|p1a: Tyranitar
|-resisted|p1a: Tyranitar
|-damage|p1a: Tyranitar|92/100
|
|-weather|Sandstorm|[upkeep]
|-heal|p2a: Jirachi|88/100|[from] item: Leftovers
|-damage|p2a: Jirachi|76/100|[from] Leech Seed|[of] p1a: Tyranitar
|-heal|p1a: Tyranitar|100/100|[silent]
|upkeep
|turn|6
|inactive|marsandback has 270 seconds left.
|
|t:|1729457866
|switch|p2a: Metagross|Metagross|100/100
|move|p1a: Tyranitar|Dragon Dance|p1a: Tyranitar
|-boost|p1a: Tyranitar|atk|1
|-boost|p1a: Tyranitar|spe|1
|
|-weather|Sandstorm|[upkeep]
|upkeep
|turn|7
|
|t:|1729457871
|move|p1a: Tyranitar|Earthquake|p2a: Metagross
|-supereffective|p2a: Metagross
|-damage|p2a: Metagross|16/100
|move|p2a: Metagross|Meteor Mash|p1a: Tyranitar
|-supereffective|p1a: Tyranitar
|-damage|p1a: Tyranitar|0 fnt
|faint|p1a: Tyranitar
|
|t:|1729457878
|switch|p1a: Salamence|Salamence, F|100/100
|-ability|p1a: Salamence|Intimidate|boost
|-fail|p2a: Metagross|unboost|[from] ability: Clear Body|[of] p2a: Metagross
|
|-weather|Sandstorm|[upkeep]
|-damage|p1a: Salamence|94/100|[from] Sandstorm
|-heal|p1a: Salamence|100/100|[from] item: Leftovers
|upkeep
|turn|8
|inactive|marsandback has 270 seconds left.
|
|t:|1729457902
|move|p1a: Salamence|Earthquake|p2a: Metagross
|-supereffective|p2a: Metagross
|-damage|p2a: Metagross|0 fnt
|faint|p2a: Metagross
|
|t:|1729457908
|switch|p2a: Suicune|Suicune|100/100
|
|-weather|Sandstorm|[upkeep]
|-damage|p2a: Suicune|94/100|[from] Sandstorm
|-damage|p1a: Salamence|94/100|[from] Sandstorm
|-heal|p2a: Suicune|100/100|[from] item: Leftovers
|-heal|p1a: Salamence|100/100|[from] item: Leftovers
|upkeep
|turn|9
|
|t:|1729457912
|switch|p1a: Celebi|Celebi|82/100
|move|p2a: Suicune|Calm Mind|p2a: Suicune
|-boost|p2a: Suicune|spa|1
|-boost|p2a: Suicune|spd|1
|
|-weather|Sandstorm|[upkeep]
|-damage|p1a: Celebi|76/100|[from] Sandstorm
|-damage|p2a: Suicune|94/100|[from] Sandstorm
|-heal|p1a: Celebi|82/100|[from] item: Leftovers
|-heal|p2a: Suicune|100/100|[from] item: Leftovers
|upkeep
|turn|10
|
|t:|1729457921
|move|p1a: Celebi|Baton Pass|p1a: Celebi
|
|t:|1729457923
|switch|p1a: Metagross|Metagross|100/100|[from] Baton Pass
|move|p2a: Suicune|Ice Beam|p1a: Metagross
|-resisted|p1a: Metagross
|-damage|p1a: Metagross|79/100
|
|-weather|Sandstorm|[upkeep]
|-damage|p2a: Suicune|94/100|[from] Sandstorm
|-heal|p2a: Suicune|100/100|[from] item: Leftovers
|upkeep
|turn|11
|
|t:|1729457938
|move|p2a: Suicune|Substitute|p2a: Suicune
|-start|p2a: Suicune|Substitute
|-damage|p2a: Suicune|76/100
|move|p1a: Metagross|Explosion|p2a: Suicune
|-end|p2a: Suicune|Substitute
|faint|p1a: Metagross
|
|t:|1729457942
|switch|p1a: Magneton|Magneton|100/100
|
|-weather|Sandstorm|[upkeep]
|-damage|p2a: Suicune|70/100|[from] Sandstorm
|-heal|p2a: Suicune|76/100|[from] item: Leftovers
|upkeep
|turn|12
|
|t:|1729457956
|move|p2a: Suicune|Hydro Pump|p1a: Magneton
|-damage|p1a: Magneton|0 fnt
|faint|p1a: Magneton
|
|t:|1729457960
|switch|p1a: Gyarados|Gyarados, M|100/100
|-ability|p1a: Gyarados|Intimidate|boost
|-unboost|p2a: Suicune|atk|1
|
|-weather|Sandstorm|[upkeep]
|-damage|p2a: Suicune|70/100|[from] Sandstorm
|-damage|p1a: Gyarados|94/100|[from] Sandstorm
|-heal|p2a: Suicune|76/100|[from] item: Leftovers
|-heal|p1a: Gyarados|100/100|[from] item: Leftovers
|upkeep
|turn|13
|
|t:|1729457976
|move|p2a: Suicune|Ice Beam|p1a: Gyarados
|-damage|p1a: Gyarados|64/100
|move|p1a: Gyarados|Dragon Dance|p1a: Gyarados
|-boost|p1a: Gyarados|atk|1
|-boost|p1a: Gyarados|spe|1
|
|-weather|Sandstorm|[upkeep]
|-damage|p1a: Gyarados|58/100|[from] Sandstorm
|-damage|p2a: Suicune|70/100|[from] Sandstorm
|-heal|p1a: Gyarados|64/100|[from] item: Leftovers
|-heal|p2a: Suicune|76/100|[from] item: Leftovers
|upkeep
|turn|14
|
|t:|1729457983
|move|p1a: Gyarados|Earthquake|p2a: Suicune
|-crit|p2a: Suicune
|-damage|p2a: Suicune|0 fnt
|faint|p2a: Suicune
|
|t:|1729458007
|switch|p2a: Zapdos|Zapdos|82/100
|
|-weather|Sandstorm|[upkeep]
|-damage|p1a: Gyarados|58/100|[from] Sandstorm
|-damage|p2a: Zapdos|76/100|[from] Sandstorm
|-heal|p1a: Gyarados|64/100|[from] item: Leftovers
|-heal|p2a: Zapdos|82/100|[from] item: Leftovers
|upkeep
|turn|15
|
|t:|1729458012
|move|p1a: Gyarados|Double-Edge|p2a: Zapdos
|-damage|p2a: Zapdos|21/100
|-damage|p1a: Gyarados|41/100|[from] Recoil|[of] p2a: Zapdos
|move|p2a: Zapdos|Thunderbolt|p1a: Gyarados
|-supereffective|p1a: Gyarados
|-damage|p1a: Gyarados|0 fnt
|faint|p1a: Gyarados
|
|t:|1729458018
|switch|p1a: Celebi|Celebi|82/100
|
|-weather|Sandstorm|[upkeep]
|-damage|p1a: Celebi|76/100|[from] Sandstorm
|-damage|p2a: Zapdos|15/100|[from] Sandstorm
|-heal|p1a: Celebi|82/100|[from] item: Leftovers
|-heal|p2a: Zapdos|21/100|[from] item: Leftovers
|upkeep
|turn|16
|
|t:|1729458028
|move|p1a: Celebi|Psychic|p2a: Zapdos
|-damage|p2a: Zapdos|0 fnt
|faint|p2a: Zapdos
|inactive|marsandback has 270 seconds left.
|inactive|marsandback has 240 seconds left.
|inactive|marsandback has 210 seconds left.
|inactive|marsandback has 180 seconds left.
|inactive|marsandback has 150 seconds left.
|
|t:|1729458179
|switch|p2a: Jirachi|Jirachi, shiny|76/100
|
|-weather|Sandstorm|[upkeep]
|-damage|p1a: Celebi|76/100|[from] Sandstorm
|-heal|p1a: Celebi|82/100|[from] item: Leftovers
|-heal|p2a: Jirachi|82/100|[from] item: Leftovers
|upkeep
|turn|17
|
|t:|1729458188
|move|p1a: Celebi|Leech Seed|p2a: Jirachi
|-start|p2a: Jirachi|move: Leech Seed
|move|p2a: Jirachi|Ice Punch|p1a: Celebi
|-supereffective|p1a: Celebi
|-crit|p1a: Celebi
|-damage|p1a: Celebi|17/100
|
|-weather|Sandstorm|[upkeep]
|-damage|p1a: Celebi|11/100|[from] Sandstorm
|-heal|p1a: Celebi|17/100|[from] item: Leftovers
|-heal|p2a: Jirachi|88/100|[from] item: Leftovers
|-damage|p2a: Jirachi|76/100|[from] Leech Seed|[of] p1a: Celebi
|-heal|p1a: Celebi|29/100|[silent]
|upkeep
|turn|18
|
|t:|1729458193
|move|p1a: Celebi|Substitute|p1a: Celebi
|-start|p1a: Celebi|Substitute
|-damage|p1a: Celebi|4/100
|move|p2a: Jirachi|Ice Punch|p1a: Celebi
|-supereffective|p1a: Celebi
|-end|p1a: Celebi|Substitute
|
|-weather|Sandstorm|[upkeep]
|-damage|p1a: Celebi|0 fnt|[from] Sandstorm
|faint|p1a: Celebi
|-heal|p2a: Jirachi|82/100|[from] item: Leftovers
|upkeep
|
|t:|1729458201
|switch|p1a: Salamence|Salamence, F|100/100
|-ability|p1a: Salamence|Intimidate|boost
|-unboost|p2a: Jirachi|atk|1
|turn|19
|
|t:|1729458210
|move|p2a: Jirachi|Ice Punch|p1a: Salamence
|-supereffective|p1a: Salamence
|-damage|p1a: Salamence|25/100
|move|p1a: Salamence|Earthquake|p2a: Jirachi
|-supereffective|p2a: Jirachi
|-damage|p2a: Jirachi|25/100
|
|-weather|Sandstorm|[upkeep]
|-damage|p1a: Salamence|19/100|[from] Sandstorm
|-heal|p2a: Jirachi|31/100|[from] item: Leftovers
|-damage|p2a: Jirachi|19/100|[from] Leech Seed|[of] p1a: Salamence
|-heal|p1a: Salamence|34/100|[silent]
|-heal|p1a: Salamence|40/100|[from] item: Leftovers
|upkeep
|turn|20
|c|☆marsandback|ggs
|
|t:|1729458216
|move|p2a: Jirachi|Ice Punch|p1a: Salamence
|-supereffective|p1a: Salamence
|-damage|p1a: Salamence|0 fnt
|faint|p1a: Salamence
|
|win|marsandback
|player|p1|

</script>
<script type="application/json" class="data" id="replaydata-smogtours-gen3ou-800807">
{"id":"smogtours-gen3ou-800807","format":"[Gen 3] OU","players":["Hey its me riley","marsandback"],"uploadtime":1729458216,"views":122,"formatid":"gen3ou","rating":null,"private":1,"password":null}
</script>

<script defer src="js/replays.js?9d40a366"></script>
