<!DOCTYPE html>
<meta charset="utf-8" />
<meta name="viewport" content="width=device-width" />

<title>[Gen 3] OU: Attalyn vs. VyoletRayn - Replays - Pok&eacute;mon Showdown!</title>

<meta name="description" content="Watch a replay of a Pok&eacute;mon battle between Attalyn and VyoletRayn! Format: [Gen 3] OU; Date: Oct 29, 2024" />
<!--

Hey, you! Looking in the source for the replay log?

You can find them in JSON format, just add `.json` at the end of a replay URL.

https://replay.pokemonshowdown.com/gen7randomdoublesbattle-865046831.json

Or, if you only need the log itself, add `.log` instead:

https://replay.pokemonshowdown.com/gen7randomdoublesbattle-865046831.log

-->

<link rel="stylesheet" href="//pokemonshowdown.com/style/global.css?0.023195364461161105" />
<link rel="stylesheet" href="//play.pokemonshowdown.com/style/font-awesome.css?0.13261647063804238" />
<link rel="stylesheet" href="//play.pokemonshowdown.com/style/battle.css?0.8753245789963631" />
<link rel="stylesheet" href="//play.pokemonshowdown.com/style/utilichart.css?0.8627959624976733" />

<!-- Global site tag (gtag.js) - Google Analytics -->
<script async src="https://www.googletagmanager.com/gtag/js?id=UA-26211653-1"></script>
<script>
  window.dataLayer = window.dataLayer || [];
  function gtag(){dataLayer.push(arguments);}
  gtag('js', new Date());

  gtag('config', 'UA-26211653-1');
</script>
<!-- End Google Analytics -->
<!-- Venatus Ad Manager - Install in <HEAD> of page -->
	<script src="https://hb.vntsm.com/v3/live/ad-manager.min.js" type="text/javascript" data-site-id="642aba63ec9a7b11c3c9c1be" data-mode="scan" async></script>
<!-- / Venatus Ad Manager -->

<style>
	@media (max-width:820px) {
		.battle {
			margin: 0 auto;
		}
		.battle-log {
			margin: 7px auto 0;
			max-width: 640px;
			height: 300px;
			position: static;
		}
	}
	.optgroup {
		display: inline-block;
		line-height: 22px;
		font-size: 10pt;
	}
	.optgroup .button {
		height: 25px;
		padding-top: 0;
		padding-bottom: 0;
	}
	.optgroup button.button {
		padding-left: 12px;
		padding-right: 12px;
	}
	.linklist {
		list-style: none;
		margin: 0.5em 0;
		padding: 0;
	}
	.linklist li {
		padding: 2px 0;
	}
	.sidebar {
		float: left;
		width: 320px;
	}
	.bar-wrapper {
		max-width: 1100px;
		margin: 0 auto;
	}
	.bar-wrapper.has-sidebar {
		max-width: 1430px;
	}
	.mainbar {
		margin: 0;
		padding-right: 1px;
	}
	.mainbar.has-sidebar {
		margin-left: 330px;
	}
	@media (min-width: 1511px) {
		.sidebar {
			width: 400px;
		}
		.bar-wrapper.has-sidebar {
			max-width: 1510px;
		}
		.mainbar.has-sidebar {
			margin-left: 410px;
		}
	}
	.section.first-section {
		margin-top: 9px;
	}
	.blocklink small {
		white-space: normal;
	}
	.button {
		vertical-align: middle;
	}
	.replay-controls {
		padding-top: 10px;
	}
	.replay-controls h1 {
		font-size: 16pt;
		font-weight: normal;
		color: #CCC;
	}
	.pagelink {
		text-align: center;
	}
	.pagelink a {
		width: 150px;
	}
	.textbox, .button {
		font-size: 11pt;
		vertical-align: middle;
	}
	@media (max-width: 450px) {
		.button {
			font-size: 9pt;
		}
	}
</style>

<div>

	<header>
		<div class="nav-wrapper"><ul class="nav">
			<li><a class="button nav-first" href="//pokemonshowdown.com/"><img src="//pokemonshowdown.com/images/pokemonshowdownbeta.png" srcset="//pokemonshowdown.com/images/pokemonshowdownbeta.png 1x, //pokemonshowdown.com/images/pokemonshowdownbeta@2x.png 2x" alt="Pok&eacute;mon Showdown" width="146" height="44" /> Home</a></li>
			<li><a class="button" href="//pokemonshowdown.com/dex/">Pok&eacute;dex</a></li>
			<li><a class="button cur" href="/">Replays</a></li>
			<li><a class="button" href="//pokemonshowdown.com/ladder/">Ladder</a></li>
			<li><a class="button nav-last" href="//pokemonshowdown.com/forums/">Forum</a></li>
			<li><a class="button greenbutton nav-first nav-last" href="//play.pokemonshowdown.com/">Play</a></li>
		</ul></div>
	</header>

	<div class="main" id="main">

		<noscript><section class="section">You need to enable JavaScript to use this page; sorry!</section></noscript>

	</div>

</div>

<script defer nomodule src="//play.pokemonshowdown.com/js/lib/ps-polyfill.js"></script>
<script defer src="//play.pokemonshowdown.com/js/lib/preact.min.js"></script>

<script defer src="//play.pokemonshowdown.com/config/config.js?2bddbc15"></script>
<script defer src="//play.pokemonshowdown.com/js/lib/jquery-1.11.0.min.js"></script>
<script defer src="//play.pokemonshowdown.com/js/lib/html-sanitizer-minified.js"></script>
<script defer src="//play.pokemonshowdown.com/js/battle-sound.js"></script>
<script defer src="//play.pokemonshowdown.com/js/battledata.js?0.7209276989879541"></script>
<script defer src="//play.pokemonshowdown.com/data/pokedex-mini.js?0.6111056340867951"></script>
<script defer src="//play.pokemonshowdown.com/data/pokedex-mini-bw.js?0.3532142036491459"></script>
<script defer src="//play.pokemonshowdown.com/data/graphics.js?0.24223875632456182"></script>
<script defer src="//play.pokemonshowdown.com/data/pokedex.js?0.38839984266356864"></script>
<script defer src="//play.pokemonshowdown.com/data/moves.js?0.21866028504024015"></script>
<script defer src="//play.pokemonshowdown.com/data/abilities.js?0.2005157953846628"></script>
<script defer src="//play.pokemonshowdown.com/data/items.js?0.9894211263848525"></script>
<script defer src="//play.pokemonshowdown.com/data/teambuilder-tables.js?0.6008791140282215"></script>
<script defer src="//play.pokemonshowdown.com/js/battle-tooltips.js?0.7580118955022959"></script>
<script defer src="//play.pokemonshowdown.com/js/battle.js?0.6057722274234274"></script>

<script defer src="js/utils.js?e31f9a17"></script>
<script defer src="js/replays-battle.js?7008c182"></script>

<!-- don't scrape this data! just add .json or .log after the URL!
Full API docs: https://github.com/smogon/pokemon-showdown-client/blob/master/WEB-API.md -->
<script type="text/plain" class="log" id="replaylog-smogtours-gen3ou-803316">
|inactive|Battle timer is ON: inactive players will automatically lose when time's up.
|t:|1730233536
|gametype|singles
|player|p1|Attalyn|pokemonrangerf|
|player|p2|VyoletRayn|wicke|
|teamsize|p1|6
|teamsize|p2|6
|gen|3
|tier|[Gen 3] OU
|rule|Sleep Clause Mod: Limit one foe put to sleep
|rule|Switch Priority Clause Mod: Faster Pokémon switch first
|rule|Species Clause: Limit one of each Pokémon
|rule|OHKO Clause: OHKO moves are banned
|rule|Evasion Items Clause: Evasion items are banned
|rule|Evasion Moves Clause: Evasion moves are banned
|rule|Endless Battle Clause: Forcing endless battles is banned
|rule|HP Percentage Mod: HP is shown in percentages
|rule|One Boost Passer Clause: Limit one Baton Passer that has a way to boost its stats
|rule|Freeze Clause Mod: Limit one foe frozen
|
|t:|1730233536
|start
|switch|p1a: Breloom|Breloom, F|100/100
|switch|p2a: Jolteon|Jolteon, M|100/100
|turn|1
|c|☆VyoletRayn|hf
|inactive|Attalyn has 270 seconds left.
|c|☆Attalyn|ye
|
|t:|1730233572
|move|p2a: Jolteon|Substitute|p2a: Jolteon
|-start|p2a: Jolteon|Substitute
|-damage|p2a: Jolteon|76/100
|move|p1a: Breloom|Sky Uppercut|p2a: Jolteon
|-end|p2a: Jolteon|Substitute
|
|-heal|p2a: Jolteon|82/100|[from] item: Leftovers
|upkeep
|turn|2
|
|t:|1730233589
|switch|p2a: Gengar|Gengar, F|100/100
|move|p1a: Breloom|Sky Uppercut|p2a: Gengar
|-immune|p2a: Gengar
|
|upkeep
|turn|3
|
|t:|1730233594
|switch|p1a: Tyranitar|Tyranitar, F|100/100
|-weather|Sandstorm|[from] ability: Sand Stream|[of] p1a: Tyranitar
|move|p2a: Gengar|Will-O-Wisp|p1a: Tyranitar
|-status|p1a: Tyranitar|brn
|
|-weather|Sandstorm|[upkeep]
|-damage|p2a: Gengar|94/100|[from] Sandstorm
|-heal|p2a: Gengar|100/100|[from] item: Leftovers
|-damage|p1a: Tyranitar|88/100 brn|[from] brn
|upkeep
|turn|4
|
|t:|1730233614
|-activate|p2a: Gengar|move: Pursuit
|move|p1a: Tyranitar|Pursuit|p2a: Gengar|[from]Pursuit
|-supereffective|p2a: Gengar
|-damage|p2a: Gengar|16/100
|switch|p2a: Swampert|Swampert, M|100/100
|
|-weather|Sandstorm|[upkeep]
|-heal|p1a: Tyranitar|94/100 brn|[from] item: Leftovers
|-damage|p1a: Tyranitar|82/100 brn|[from] brn
|upkeep
|turn|5
|inactive|Attalyn has 270 seconds left.
|
|t:|1730233653
|switch|p1a: Suicune|Suicune|100/100
|move|p2a: Swampert|Surf|p1a: Suicune
|-resisted|p1a: Suicune
|-damage|p1a: Suicune|90/100
|
|-weather|Sandstorm|[upkeep]
|-damage|p1a: Suicune|84/100|[from] Sandstorm
|-heal|p1a: Suicune|90/100|[from] item: Leftovers
|upkeep
|turn|6
|
|t:|1730233677
|switch|p2a: Jolteon|Jolteon, M|82/100
|move|p1a: Suicune|Calm Mind|p1a: Suicune
|-boost|p1a: Suicune|spa|1
|-boost|p1a: Suicune|spd|1
|
|-weather|Sandstorm|[upkeep]
|-damage|p2a: Jolteon|76/100|[from] Sandstorm
|-damage|p1a: Suicune|84/100|[from] Sandstorm
|-heal|p2a: Jolteon|82/100|[from] item: Leftovers
|-heal|p1a: Suicune|90/100|[from] item: Leftovers
|upkeep
|turn|7
|
|t:|1730233695
|move|p2a: Jolteon|Thunderbolt|p1a: Suicune
|-supereffective|p1a: Suicune
|-crit|p1a: Suicune
|-damage|p1a: Suicune|0 fnt
|faint|p1a: Suicune
|
|t:|1730233705
|switch|p1a: Breloom|Breloom, F|100/100
|
|-weather|Sandstorm|[upkeep]
|-damage|p2a: Jolteon|76/100|[from] Sandstorm
|-damage|p1a: Breloom|94/100|[from] Sandstorm
|-heal|p2a: Jolteon|82/100|[from] item: Leftovers
|upkeep
|turn|8
|
|t:|1730233724
|move|p2a: Jolteon|Thunderbolt|p1a: Breloom
|-resisted|p1a: Breloom
|-damage|p1a: Breloom|55/100
|move|p1a: Breloom|Hidden Power|p2a: Jolteon
|-damage|p2a: Jolteon|18/100
|
|-weather|Sandstorm|[upkeep]
|-damage|p2a: Jolteon|12/100|[from] Sandstorm
|-damage|p1a: Breloom|49/100|[from] Sandstorm
|-heal|p2a: Jolteon|18/100|[from] item: Leftovers
|upkeep
|turn|9
|
|t:|1730233745
|switch|p2a: Swampert|Swampert, M|100/100
|switch|p1a: Claydol|Claydol|100/100
|
|-weather|Sandstorm|[upkeep]
|upkeep
|turn|10
|inactive|Attalyn has 240 seconds left.
|
|t:|1730233781
|move|p1a: Claydol|Psychic|p2a: Swampert
|-damage|p2a: Swampert|80/100
|move|p2a: Swampert|Surf|p1a: Claydol
|-supereffective|p1a: Claydol
|-damage|p1a: Claydol|36/100
|
|-weather|Sandstorm|[upkeep]
|-heal|p1a: Claydol|42/100|[from] item: Leftovers
|-heal|p2a: Swampert|86/100|[from] item: Leftovers
|upkeep
|turn|11
|inactive|Attalyn has 210 seconds left.
|inactive|VyoletRayn has 270 seconds left.
|
|t:|1730233829
|switch|p1a: Zapdos|Zapdos|100/100
|move|p2a: Swampert|Protect||[still]
|-fail|p2a: Swampert
|
|-weather|Sandstorm|[upkeep]
|-damage|p1a: Zapdos|94/100|[from] Sandstorm
|-heal|p1a: Zapdos|100/100|[from] item: Leftovers
|-heal|p2a: Swampert|93/100|[from] item: Leftovers
|upkeep
|turn|12
|inactive|VyoletRayn has 270 seconds left.
|
|t:|1730233863
|move|p1a: Zapdos|Baton Pass|p1a: Zapdos
|inactive|Attalyn has 180 seconds left.
|
|t:|1730233894
|switch|p1a: Breloom|Breloom, F|49/100|[from] Baton Pass
|move|p2a: Swampert|Ice Beam|p1a: Breloom
|-supereffective|p1a: Breloom
|-damage|p1a: Breloom|0 fnt
|faint|p1a: Breloom
|inactive|Attalyn has 150 seconds left.
|
|t:|1730233913
|switch|p1a: Metagross|Metagross|100/100
|
|-weather|Sandstorm|[upkeep]
|-heal|p2a: Swampert|99/100|[from] item: Leftovers
|upkeep
|turn|13
|inactive|Attalyn has 150 seconds left.
|
|t:|1730233938
|move|p1a: Metagross|Meteor Mash|p2a: Swampert
|-resisted|p2a: Swampert
|-damage|p2a: Swampert|80/100
|move|p2a: Swampert|Earthquake|p1a: Metagross
|-supereffective|p1a: Metagross
|-damage|p1a: Metagross|42/100
|
|-weather|Sandstorm|[upkeep]
|-heal|p1a: Metagross|49/100|[from] item: Leftovers
|-heal|p2a: Swampert|86/100|[from] item: Leftovers
|upkeep
|turn|14
|inactive|Attalyn has 150 seconds left.
|
|t:|1730233952
|move|p2a: Swampert|Protect|p2a: Swampert
|-singleturn|p2a: Swampert|Protect
|move|p1a: Metagross|Explosion|p2a: Swampert
|-activate|p2a: Swampert|Protect
|faint|p1a: Metagross
|
|t:|1730233967
|switch|p1a: Claydol|Claydol|42/100
|
|-weather|Sandstorm|[upkeep]
|-heal|p1a: Claydol|49/100|[from] item: Leftovers
|-heal|p2a: Swampert|92/100|[from] item: Leftovers
|upkeep
|turn|15
|
|t:|1730233979
|switch|p2a: Tyranitar|Tyranitar, M|100/100
|move|p1a: Claydol|Explosion|p2a: Tyranitar
|-resisted|p2a: Tyranitar
|-damage|p2a: Tyranitar|54/100
|faint|p1a: Claydol
|
|t:|1730233991
|switch|p1a: Zapdos|Zapdos|100/100
|
|-weather|Sandstorm|[upkeep]
|-damage|p1a: Zapdos|94/100|[from] Sandstorm
|-heal|p1a: Zapdos|100/100|[from] item: Leftovers
|-heal|p2a: Tyranitar|60/100|[from] item: Leftovers
|upkeep
|turn|16
|
|t:|1730234009
|move|p1a: Zapdos|Thunderbolt|p2a: Tyranitar
|-damage|p2a: Tyranitar|20/100
|move|p2a: Tyranitar|Rock Slide|p1a: Zapdos
|-supereffective|p1a: Zapdos
|-damage|p1a: Zapdos|11/100
|
|-weather|Sandstorm|[upkeep]
|-damage|p1a: Zapdos|5/100|[from] Sandstorm
|-heal|p1a: Zapdos|11/100|[from] item: Leftovers
|-heal|p2a: Tyranitar|26/100|[from] item: Leftovers
|upkeep
|turn|17
|inactive|Attalyn has 120 seconds left.
|
|t:|1730234036
|switch|p2a: Jolteon|Jolteon, M|18/100
|move|p1a: Zapdos|Hidden Power|p2a: Jolteon
|-damage|p2a: Jolteon|0 fnt
|faint|p2a: Jolteon
|
|t:|1730234046
|switch|p2a: Jirachi|Jirachi|100/100
|
|-weather|Sandstorm|[upkeep]
|-damage|p1a: Zapdos|5/100|[from] Sandstorm
|-heal|p1a: Zapdos|11/100|[from] item: Leftovers
|upkeep
|turn|18
|
|t:|1730234053
|move|p1a: Zapdos|Baton Pass|p1a: Zapdos
|
|t:|1730234055
|switch|p1a: Tyranitar|Tyranitar, F|82/100 brn|[from] Baton Pass
|move|p2a: Jirachi|Calm Mind|p2a: Jirachi
|-boost|p2a: Jirachi|spa|1
|-boost|p2a: Jirachi|spd|1
|
|-weather|Sandstorm|[upkeep]
|-heal|p1a: Tyranitar|88/100 brn|[from] item: Leftovers
|-damage|p1a: Tyranitar|75/100 brn|[from] brn
|upkeep
|turn|19
|
|t:|1730234066
|move|p2a: Jirachi|Hidden Power|p1a: Tyranitar
|-supereffective|p1a: Tyranitar
|-damage|p1a: Tyranitar|25/100 brn
|move|p1a: Tyranitar|Crunch|p2a: Jirachi
|-crit|p2a: Jirachi
|-damage|p2a: Jirachi|42/100
|
|-weather|Sandstorm|[upkeep]
|-heal|p2a: Jirachi|49/100|[from] item: Leftovers
|-heal|p1a: Tyranitar|31/100 brn|[from] item: Leftovers
|-damage|p1a: Tyranitar|19/100 brn|[from] brn
|upkeep
|turn|20
|
|t:|1730234084
|move|p2a: Jirachi|Hidden Power|p1a: Tyranitar
|-supereffective|p1a: Tyranitar
|-damage|p1a: Tyranitar|0 fnt
|faint|p1a: Tyranitar
|
|t:|1730234089
|switch|p1a: Zapdos|Zapdos|11/100
|
|-weather|Sandstorm|[upkeep]
|-damage|p1a: Zapdos|5/100|[from] Sandstorm
|-heal|p1a: Zapdos|11/100|[from] item: Leftovers
|-heal|p2a: Jirachi|55/100|[from] item: Leftovers
|upkeep
|turn|21
|
|t:|1730234105
|move|p1a: Zapdos|Thunder Wave|p2a: Jirachi
|-status|p2a: Jirachi|par
|move|p2a: Jirachi|Psychic|p1a: Zapdos
|-damage|p1a: Zapdos|0 fnt
|faint|p1a: Zapdos
|
|win|VyoletRayn
|c|☆VyoletRayn|ggs
|c|☆Attalyn|gg

</script>
<script type="application/json" class="data" id="replaydata-smogtours-gen3ou-803316">
{"id":"smogtours-gen3ou-803316","format":"[Gen 3] OU","players":["Attalyn","VyoletRayn"],"uploadtime":1730234105,"views":60,"formatid":"gen3ou","rating":null,"private":0,"password":null}
</script>

<script defer src="js/replays.js?9d40a366"></script>
