<!DOCTYPE html>
<meta charset="utf-8" />
<meta name="viewport" content="width=device-width" />

<title>[Gen 3] OU: Derevien vs. UDM31 - Replays - Pok&eacute;mon Showdown!</title>

<meta name="description" content="Watch a replay of a Pok&eacute;mon battle between Derevien and UDM31! Format: [Gen 3] OU; Date: Nov 9, 2024" />
<!--

Hey, you! Looking in the source for the replay log?

You can find them in JSON format, just add `.json` at the end of a replay URL.

https://replay.pokemonshowdown.com/gen7randomdoublesbattle-865046831.json

Or, if you only need the log itself, add `.log` instead:

https://replay.pokemonshowdown.com/gen7randomdoublesbattle-865046831.log

-->

<link rel="stylesheet" href="//pokemonshowdown.com/style/global.css?0.023195364461161105" />
<link rel="stylesheet" href="//play.pokemonshowdown.com/style/font-awesome.css?0.13261647063804238" />
<link rel="stylesheet" href="//play.pokemonshowdown.com/style/battle.css?0.8753245789963631" />
<link rel="stylesheet" href="//play.pokemonshowdown.com/style/utilichart.css?0.8627959624976733" />

<!-- Global site tag (gtag.js) - Google Analytics -->
<script async src="https://www.googletagmanager.com/gtag/js?id=UA-26211653-1"></script>
<script>
  window.dataLayer = window.dataLayer || [];
  function gtag(){dataLayer.push(arguments);}
  gtag('js', new Date());

  gtag('config', 'UA-26211653-1');
</script>
<!-- End Google Analytics -->
<!-- Venatus Ad Manager - Install in <HEAD> of page -->
	<script src="https://hb.vntsm.com/v3/live/ad-manager.min.js" type="text/javascript" data-site-id="642aba63ec9a7b11c3c9c1be" data-mode="scan" async></script>
<!-- / Venatus Ad Manager -->

<style>
	@media (max-width:820px) {
		.battle {
			margin: 0 auto;
		}
		.battle-log {
			margin: 7px auto 0;
			max-width: 640px;
			height: 300px;
			position: static;
		}
	}
	.optgroup {
		display: inline-block;
		line-height: 22px;
		font-size: 10pt;
	}
	.optgroup .button {
		height: 25px;
		padding-top: 0;
		padding-bottom: 0;
	}
	.optgroup button.button {
		padding-left: 12px;
		padding-right: 12px;
	}
	.linklist {
		list-style: none;
		margin: 0.5em 0;
		padding: 0;
	}
	.linklist li {
		padding: 2px 0;
	}
	.sidebar {
		float: left;
		width: 320px;
	}
	.bar-wrapper {
		max-width: 1100px;
		margin: 0 auto;
	}
	.bar-wrapper.has-sidebar {
		max-width: 1430px;
	}
	.mainbar {
		margin: 0;
		padding-right: 1px;
	}
	.mainbar.has-sidebar {
		margin-left: 330px;
	}
	@media (min-width: 1511px) {
		.sidebar {
			width: 400px;
		}
		.bar-wrapper.has-sidebar {
			max-width: 1510px;
		}
		.mainbar.has-sidebar {
			margin-left: 410px;
		}
	}
	.section.first-section {
		margin-top: 9px;
	}
	.blocklink small {
		white-space: normal;
	}
	.button {
		vertical-align: middle;
	}
	.replay-controls {
		padding-top: 10px;
	}
	.replay-controls h1 {
		font-size: 16pt;
		font-weight: normal;
		color: #CCC;
	}
	.pagelink {
		text-align: center;
	}
	.pagelink a {
		width: 150px;
	}
	.textbox, .button {
		font-size: 11pt;
		vertical-align: middle;
	}
	@media (max-width: 450px) {
		.button {
			font-size: 9pt;
		}
	}
</style>

<div>

	<header>
		<div class="nav-wrapper"><ul class="nav">
			<li><a class="button nav-first" href="//pokemonshowdown.com/"><img src="//pokemonshowdown.com/images/pokemonshowdownbeta.png" srcset="//pokemonshowdown.com/images/pokemonshowdownbeta.png 1x, //pokemonshowdown.com/images/pokemonshowdownbeta@2x.png 2x" alt="Pok&eacute;mon Showdown" width="146" height="44" /> Home</a></li>
			<li><a class="button" href="//pokemonshowdown.com/dex/">Pok&eacute;dex</a></li>
			<li><a class="button cur" href="/">Replays</a></li>
			<li><a class="button" href="//pokemonshowdown.com/ladder/">Ladder</a></li>
			<li><a class="button nav-last" href="//pokemonshowdown.com/forums/">Forum</a></li>
			<li><a class="button greenbutton nav-first nav-last" href="//play.pokemonshowdown.com/">Play</a></li>
		</ul></div>
	</header>

	<div class="main" id="main">

		<noscript><section class="section">You need to enable JavaScript to use this page; sorry!</section></noscript>

	</div>

</div>

<script defer nomodule src="//play.pokemonshowdown.com/js/lib/ps-polyfill.js"></script>
<script defer src="//play.pokemonshowdown.com/js/lib/preact.min.js"></script>

<script defer src="//play.pokemonshowdown.com/config/config.js?2bddbc15"></script>
<script defer src="//play.pokemonshowdown.com/js/lib/jquery-1.11.0.min.js"></script>
<script defer src="//play.pokemonshowdown.com/js/lib/html-sanitizer-minified.js"></script>
<script defer src="//play.pokemonshowdown.com/js/battle-sound.js"></script>
<script defer src="//play.pokemonshowdown.com/js/battledata.js?0.7209276989879541"></script>
<script defer src="//play.pokemonshowdown.com/data/pokedex-mini.js?0.6111056340867951"></script>
<script defer src="//play.pokemonshowdown.com/data/pokedex-mini-bw.js?0.3532142036491459"></script>
<script defer src="//play.pokemonshowdown.com/data/graphics.js?0.24223875632456182"></script>
<script defer src="//play.pokemonshowdown.com/data/pokedex.js?0.38839984266356864"></script>
<script defer src="//play.pokemonshowdown.com/data/moves.js?0.21866028504024015"></script>
<script defer src="//play.pokemonshowdown.com/data/abilities.js?0.2005157953846628"></script>
<script defer src="//play.pokemonshowdown.com/data/items.js?0.9894211263848525"></script>
<script defer src="//play.pokemonshowdown.com/data/teambuilder-tables.js?0.6008791140282215"></script>
<script defer src="//play.pokemonshowdown.com/js/battle-tooltips.js?0.7580118955022959"></script>
<script defer src="//play.pokemonshowdown.com/js/battle.js?0.6057722274234274"></script>

<script defer src="js/utils.js?e31f9a17"></script>
<script defer src="js/replays-battle.js?7008c182"></script>

<!-- don't scrape this data! just add .json or .log after the URL!
Full API docs: https://github.com/smogon/pokemon-showdown-client/blob/master/WEB-API.md -->
<script type="text/plain" class="log" id="replaylog-smogtours-gen3ou-805561">
|inactive|Battle timer is ON: inactive players will automatically lose when time's up.
|t:|1731186238
|gametype|singles
|player|p1|Derevien|pokemonbreederf-gen4|
|player|p2|UDM31|lucas|
|teamsize|p1|6
|teamsize|p2|6
|gen|3
|tier|[Gen 3] OU
|rule|Sleep Clause Mod: Limit one foe put to sleep
|rule|Switch Priority Clause Mod: Faster Pokémon switch first
|rule|Species Clause: Limit one of each Pokémon
|rule|OHKO Clause: OHKO moves are banned
|rule|Evasion Items Clause: Evasion items are banned
|rule|Evasion Moves Clause: Evasion moves are banned
|rule|Endless Battle Clause: Forcing endless battles is banned
|rule|HP Percentage Mod: HP is shown in percentages
|rule|One Boost Passer Clause: Limit one Baton Passer that has a way to boost its stats
|rule|Freeze Clause Mod: Limit one foe frozen
|
|t:|1731186238
|start
|switch|p1a: Charmina|Medicham, F|100/100
|switch|p2a: Aerodactyl|Aerodactyl, F|100/100
|turn|1
|
|t:|1731186246
|switch|p1a: Métalosse|Metagross|100/100
|move|p2a: Aerodactyl|Hidden Power|p1a: Métalosse
|-resisted|p1a: Métalosse
|-damage|p1a: Métalosse|84/100
|
|-heal|p1a: Métalosse|90/100|[from] item: Leftovers
|upkeep
|turn|2
|
|t:|1731186252
|switch|p2a: Skarmory|Skarmory, F|100/100
|move|p1a: Métalosse|Meteor Mash|p2a: Skarmory
|-resisted|p2a: Skarmory
|-damage|p2a: Skarmory|82/100
|
|-heal|p1a: Métalosse|96/100|[from] item: Leftovers
|-heal|p2a: Skarmory|88/100|[from] item: Leftovers
|upkeep
|turn|3
|
|t:|1731186259
|switch|p1a: Magnéton|Magneton|100/100
|move|p2a: Skarmory|Spikes|p1a: Magnéton
|-sidestart|p1: Derevien|Spikes
|
|-heal|p2a: Skarmory|94/100|[from] item: Leftovers
|upkeep
|turn|4
|
|t:|1731186265
|move|p2a: Skarmory|Protect|p2a: Skarmory
|-singleturn|p2a: Skarmory|Protect
|move|p1a: Magnéton|Thunderbolt|p2a: Skarmory
|-activate|p2a: Skarmory|Protect
|
|-heal|p2a: Skarmory|99/100|[from] item: Leftovers
|upkeep
|turn|5
|
|t:|1731186292
|move|p1a: Magnéton|Thunderbolt|p2a: Skarmory
|-supereffective|p2a: Skarmory
|-damage|p2a: Skarmory|0 fnt
|faint|p2a: Skarmory
|
|t:|1731186295
|switch|p2a: Blissey|Blissey, F|100/100
|
|upkeep
|turn|6
|
|t:|1731186300
|switch|p1a: Ronflex|Snorlax, F|100/100
|-damage|p1a: Ronflex|88/100|[from] Spikes
|move|p2a: Blissey|Thunder Wave|p1a: Ronflex
|-status|p1a: Ronflex|par
|
|-heal|p1a: Ronflex|94/100 par|[from] item: Leftovers
|upkeep
|turn|7
|
|t:|1731186308
|switch|p2a: Tyranitar|Tyranitar, F|100/100
|-weather|Sandstorm|[from] ability: Sand Stream|[of] p2a: Tyranitar
|move|p1a: Ronflex|Body Slam|p2a: Tyranitar
|-resisted|p2a: Tyranitar
|-damage|p2a: Tyranitar|85/100
|
|-weather|Sandstorm|[upkeep]
|-damage|p1a: Ronflex|88/100 par|[from] Sandstorm
|-heal|p2a: Tyranitar|91/100|[from] item: Leftovers
|-heal|p1a: Ronflex|94/100 par|[from] item: Leftovers
|upkeep
|turn|8
|
|t:|1731186315
|move|p2a: Tyranitar|Dragon Dance|p2a: Tyranitar
|-boost|p2a: Tyranitar|atk|1
|-boost|p2a: Tyranitar|spe|1
|move|p1a: Ronflex|Earthquake|p2a: Tyranitar
|-supereffective|p2a: Tyranitar
|-damage|p2a: Tyranitar|45/100
|
|-weather|Sandstorm|[upkeep]
|-damage|p1a: Ronflex|88/100 par|[from] Sandstorm
|-heal|p2a: Tyranitar|51/100|[from] item: Leftovers
|-heal|p1a: Ronflex|94/100 par|[from] item: Leftovers
|upkeep
|turn|9
|
|t:|1731186321
|move|p2a: Tyranitar|Rock Slide|p1a: Ronflex
|-damage|p1a: Ronflex|47/100 par
|cant|p1a: Ronflex|par
|
|-weather|Sandstorm|[upkeep]
|-damage|p1a: Ronflex|41/100 par|[from] Sandstorm
|-heal|p2a: Tyranitar|57/100|[from] item: Leftovers
|-heal|p1a: Ronflex|47/100 par|[from] item: Leftovers
|upkeep
|turn|10
|
|t:|1731186343
|move|p2a: Tyranitar|Rock Slide|p1a: Ronflex
|-damage|p1a: Ronflex|0 fnt
|faint|p1a: Ronflex
|
|t:|1731186351
|switch|p1a: Suicune|Suicune|100/100
|-damage|p1a: Suicune|88/100|[from] Spikes
|
|-weather|Sandstorm|[upkeep]
|-damage|p1a: Suicune|82/100|[from] Sandstorm
|-heal|p2a: Tyranitar|63/100|[from] item: Leftovers
|-heal|p1a: Suicune|88/100|[from] item: Leftovers
|upkeep
|turn|11
|inactive|UDM31 has 270 seconds left.
|
|t:|1731186381
|move|p2a: Tyranitar|Rock Slide|p1a: Suicune
|-crit|p1a: Suicune
|-damage|p1a: Suicune|7/100
|cant|p1a: Suicune|flinch
|
|-weather|Sandstorm|[upkeep]
|-damage|p1a: Suicune|1/100|[from] Sandstorm
|-heal|p2a: Tyranitar|69/100|[from] item: Leftovers
|-heal|p1a: Suicune|7/100|[from] item: Leftovers
|upkeep
|turn|12
|c|☆UDM31|mb
|
|t:|1731186390
|move|p2a: Tyranitar|Earthquake|p1a: Suicune
|-damage|p1a: Suicune|0 fnt
|faint|p1a: Suicune
|c|☆Derevien|happens
|
|t:|1731186405
|switch|p1a: Métalosse|Metagross|96/100
|-damage|p1a: Métalosse|84/100|[from] Spikes
|
|-weather|Sandstorm|[upkeep]
|-heal|p2a: Tyranitar|76/100|[from] item: Leftovers
|-heal|p1a: Métalosse|90/100|[from] item: Leftovers
|upkeep
|turn|13
|
|t:|1731186413
|move|p2a: Tyranitar|Earthquake|p1a: Métalosse
|-supereffective|p1a: Métalosse
|-damage|p1a: Métalosse|11/100
|move|p1a: Métalosse|Agility|p1a: Métalosse
|-boost|p1a: Métalosse|spe|2
|
|-weather|Sandstorm|[upkeep]
|-heal|p1a: Métalosse|17/100|[from] item: Leftovers
|-heal|p2a: Tyranitar|82/100|[from] item: Leftovers
|upkeep
|turn|14
|
|t:|1731186426
|switch|p2a: Swampert|Swampert, F|100/100
|move|p1a: Métalosse|Meteor Mash|p2a: Swampert|[miss]
|-miss|p1a: Métalosse|p2a: Swampert
|
|-weather|Sandstorm|[upkeep]
|-heal|p1a: Métalosse|23/100|[from] item: Leftovers
|upkeep
|turn|15
|
|t:|1731186433
|move|p2a: Swampert|Protect|p2a: Swampert
|-singleturn|p2a: Swampert|Protect
|move|p1a: Métalosse|Earthquake|p2a: Swampert
|-activate|p2a: Swampert|Protect
|
|-weather|Sandstorm|[upkeep]
|-heal|p1a: Métalosse|29/100|[from] item: Leftovers
|upkeep
|turn|16
|
|t:|1731186437
|switch|p2a: Gengar|Gengar, F|100/100
|move|p1a: Métalosse|Explosion|p2a: Gengar
|-immune|p2a: Gengar
|faint|p1a: Métalosse
|
|t:|1731186441
|switch|p1a: Magnéton|Magneton|100/100
|-damage|p1a: Magnéton|88/100|[from] Spikes
|
|-weather|Sandstorm|[upkeep]
|-damage|p2a: Gengar|94/100|[from] Sandstorm
|-heal|p2a: Gengar|100/100|[from] item: Leftovers
|upkeep
|turn|17
|
|t:|1731186461
|move|p2a: Gengar|Fire Punch|p1a: Magnéton
|-supereffective|p1a: Magnéton
|-damage|p1a: Magnéton|0 fnt
|faint|p1a: Magnéton
|
|t:|1731186464
|switch|p1a: Charmina|Medicham, F|100/100
|-damage|p1a: Charmina|88/100|[from] Spikes
|
|-weather|Sandstorm|[upkeep]
|-damage|p2a: Gengar|94/100|[from] Sandstorm
|-damage|p1a: Charmina|82/100|[from] Sandstorm
|-heal|p2a: Gengar|100/100|[from] item: Leftovers
|upkeep
|turn|18
|
|t:|1731186481
|move|p2a: Gengar|Explosion|p1a: Charmina
|-damage|p1a: Charmina|0 fnt
|faint|p2a: Gengar
|faint|p1a: Charmina
|
|t:|1731186501
|switch|p2a: Blissey|Blissey, F|100/100
|switch|p1a: Drattak|Salamence, M|100/100
|-ability|p1a: Drattak|Intimidate|boost
|-unboost|p2a: Blissey|atk|1
|
|-weather|Sandstorm|[upkeep]
|-damage|p1a: Drattak|94/100|[from] Sandstorm
|-damage|p2a: Blissey|94/100|[from] Sandstorm
|-heal|p1a: Drattak|100/100|[from] item: Leftovers
|-heal|p2a: Blissey|100/100|[from] item: Leftovers
|upkeep
|turn|19
|
|t:|1731186506
|move|p1a: Drattak|Dragon Dance|p1a: Drattak
|-boost|p1a: Drattak|atk|1
|-boost|p1a: Drattak|spe|1
|move|p2a: Blissey|Thunder Wave|p1a: Drattak
|-status|p1a: Drattak|par
|
|-weather|Sandstorm|[upkeep]
|-damage|p2a: Blissey|94/100|[from] Sandstorm
|-damage|p1a: Drattak|94/100 par|[from] Sandstorm
|-heal|p2a: Blissey|100/100|[from] item: Leftovers
|-heal|p1a: Drattak|100/100 par|[from] item: Leftovers
|upkeep
|turn|20
|
|t:|1731186512
|move|p2a: Blissey|Ice Beam|p1a: Drattak
|-supereffective|p1a: Drattak
|-damage|p1a: Drattak|1/100 par
|move|p1a: Drattak|Hidden Power|p2a: Blissey
|-damage|p2a: Blissey|45/100
|
|-weather|Sandstorm|[upkeep]
|-damage|p2a: Blissey|39/100|[from] Sandstorm
|-damage|p1a: Drattak|0 fnt|[from] Sandstorm
|faint|p1a: Drattak
|
|win|UDM31
|upkeep
|c|☆Derevien|gg
|player|p1|
|c|☆UDM31|gg

</script>
<script type="application/json" class="data" id="replaydata-smogtours-gen3ou-805561">
{"id":"smogtours-gen3ou-805561","format":"[Gen 3] OU","players":["Derevien","UDM31"],"uploadtime":1731186512,"views":16,"formatid":"gen3ou","rating":null,"private":1,"password":null}
</script>

<script defer src="js/replays.js?9d40a366"></script>
