<!DOCTYPE html>
<meta charset="utf-8" />
<meta name="viewport" content="width=device-width" />

<title>[Gen 3] OU: LoopingPyre vs. StatelessFir - Replays - Pok&eacute;mon Showdown!</title>

<meta name="description" content="Watch a replay of a Pok&eacute;mon battle between LoopingPyre and StatelessFir! Format: [Gen 3] OU; Date: Oct 13, 2024" />
<!--

Hey, you! Looking in the source for the replay log?

You can find them in JSON format, just add `.json` at the end of a replay URL.

https://replay.pokemonshowdown.com/gen7randomdoublesbattle-865046831.json

Or, if you only need the log itself, add `.log` instead:

https://replay.pokemonshowdown.com/gen7randomdoublesbattle-865046831.log

-->

<link rel="stylesheet" href="//pokemonshowdown.com/style/global.css?0.767286132409787" />
<link rel="stylesheet" href="//play.pokemonshowdown.com/style/font-awesome.css?0.9266228007934947" />
<link rel="stylesheet" href="//play.pokemonshowdown.com/style/battle.css?0.7924700842790926" />
<link rel="stylesheet" href="//play.pokemonshowdown.com/style/utilichart.css?0.8777417872839479" />

<!-- Global site tag (gtag.js) - Google Analytics -->
<script async src="https://www.googletagmanager.com/gtag/js?id=UA-26211653-1"></script>
<script>
  window.dataLayer = window.dataLayer || [];
  function gtag(){dataLayer.push(arguments);}
  gtag('js', new Date());

  gtag('config', 'UA-26211653-1');
</script>
<!-- End Google Analytics -->
<!-- Venatus Ad Manager - Install in <HEAD> of page -->
	<script src="https://hb.vntsm.com/v3/live/ad-manager.min.js" type="text/javascript" data-site-id="642aba63ec9a7b11c3c9c1be" data-mode="scan" async></script>
<!-- / Venatus Ad Manager -->

<style>
	@media (max-width:820px) {
		.battle {
			margin: 0 auto;
		}
		.battle-log {
			margin: 7px auto 0;
			max-width: 640px;
			height: 300px;
			position: static;
		}
	}
	.optgroup {
		display: inline-block;
		line-height: 22px;
		font-size: 10pt;
	}
	.optgroup .button {
		height: 25px;
		padding-top: 0;
		padding-bottom: 0;
	}
	.optgroup button.button {
		padding-left: 12px;
		padding-right: 12px;
	}
	.linklist {
		list-style: none;
		margin: 0.5em 0;
		padding: 0;
	}
	.linklist li {
		padding: 2px 0;
	}
	.sidebar {
		float: left;
		width: 320px;
	}
	.bar-wrapper {
		max-width: 1100px;
		margin: 0 auto;
	}
	.bar-wrapper.has-sidebar {
		max-width: 1430px;
	}
	.mainbar {
		margin: 0;
		padding-right: 1px;
	}
	.mainbar.has-sidebar {
		margin-left: 330px;
	}
	@media (min-width: 1511px) {
		.sidebar {
			width: 400px;
		}
		.bar-wrapper.has-sidebar {
			max-width: 1510px;
		}
		.mainbar.has-sidebar {
			margin-left: 410px;
		}
	}
	.section.first-section {
		margin-top: 9px;
	}
	.blocklink small {
		white-space: normal;
	}
	.button {
		vertical-align: middle;
	}
	.replay-controls {
		padding-top: 10px;
	}
	.replay-controls h1 {
		font-size: 16pt;
		font-weight: normal;
		color: #CCC;
	}
	.pagelink {
		text-align: center;
	}
	.pagelink a {
		width: 150px;
	}
	.textbox, .button {
		font-size: 11pt;
		vertical-align: middle;
	}
	@media (max-width: 450px) {
		.button {
			font-size: 9pt;
		}
	}
</style>

<div>

	<header>
		<div class="nav-wrapper"><ul class="nav">
			<li><a class="button nav-first" href="//pokemonshowdown.com/"><img src="//pokemonshowdown.com/images/pokemonshowdownbeta.png" srcset="//pokemonshowdown.com/images/pokemonshowdownbeta.png 1x, //pokemonshowdown.com/images/pokemonshowdownbeta@2x.png 2x" alt="Pok&eacute;mon Showdown" width="146" height="44" /> Home</a></li>
			<li><a class="button" href="//pokemonshowdown.com/dex/">Pok&eacute;dex</a></li>
			<li><a class="button cur" href="/">Replays</a></li>
			<li><a class="button" href="//pokemonshowdown.com/ladder/">Ladder</a></li>
			<li><a class="button nav-last" href="//pokemonshowdown.com/forums/">Forum</a></li>
			<li><a class="button greenbutton nav-first nav-last" href="//play.pokemonshowdown.com/">Play</a></li>
		</ul></div>
	</header>

	<div class="main" id="main">

		<noscript><section class="section">You need to enable JavaScript to use this page; sorry!</section></noscript>

	</div>

</div>

<script defer nomodule src="//play.pokemonshowdown.com/js/lib/ps-polyfill.js"></script>
<script defer src="//play.pokemonshowdown.com/js/lib/preact.min.js"></script>

<script defer src="//play.pokemonshowdown.com/config/config.js?6dec07f6"></script>
<script defer src="//play.pokemonshowdown.com/js/lib/jquery-1.11.0.min.js"></script>
<script defer src="//play.pokemonshowdown.com/js/lib/html-sanitizer-minified.js"></script>
<script defer src="//play.pokemonshowdown.com/js/battle-sound.js"></script>
<script defer src="//play.pokemonshowdown.com/js/battledata.js?0.6315294753075389"></script>
<script defer src="//play.pokemonshowdown.com/data/pokedex-mini.js?0.7603743185311358"></script>
<script defer src="//play.pokemonshowdown.com/data/pokedex-mini-bw.js?0.030888842834281283"></script>
<script defer src="//play.pokemonshowdown.com/data/graphics.js?0.05593094747507488"></script>
<script defer src="//play.pokemonshowdown.com/data/pokedex.js?0.47064822249611904"></script>
<script defer src="//play.pokemonshowdown.com/data/moves.js?0.8583693120512459"></script>
<script defer src="//play.pokemonshowdown.com/data/abilities.js?0.16017181182386842"></script>
<script defer src="//play.pokemonshowdown.com/data/items.js?0.4163379185673943"></script>
<script defer src="//play.pokemonshowdown.com/data/teambuilder-tables.js?0.31075597372830477"></script>
<script defer src="//play.pokemonshowdown.com/js/battle-tooltips.js?0.6536193500708172"></script>
<script defer src="//play.pokemonshowdown.com/js/battle.js?0.1916591943277901"></script>

<script defer src="js/utils.js?e31f9a17"></script>
<script defer src="js/replays-battle.js?7008c182"></script>

<!-- don't scrape this data! just add .json or .log after the URL!
Full API docs: https://github.com/smogon/pokemon-showdown-client/blob/master/WEB-API.md -->
<script type="text/plain" class="log" id="replaylog-smogtours-gen3ou-798000">
|inactive|Battle timer is ON: inactive players will automatically lose when time's up.
|t:|1728824438
|gametype|singles
|player|p1|LoopingPyre|cheryl|
|player|p2|StatelessFir|scientist|
|teamsize|p1|6
|teamsize|p2|6
|gen|3
|tier|[Gen 3] OU
|rule|Sleep Clause Mod: Limit one foe put to sleep
|rule|Switch Priority Clause Mod: Faster Pokémon switch first
|rule|Species Clause: Limit one of each Pokémon
|rule|OHKO Clause: OHKO moves are banned
|rule|Evasion Items Clause: Evasion items are banned
|rule|Evasion Moves Clause: Evasion moves are banned
|rule|Endless Battle Clause: Forcing endless battles is banned
|rule|HP Percentage Mod: HP is shown in percentages
|rule|One Boost Passer Clause: Limit one Baton Passer that has a way to boost its stats
|rule|Freeze Clause Mod: Limit one foe frozen
|
|t:|1728824438
|start
|switch|p1a: Suicune|Suicune|100/100
|switch|p2a: Espeon|Espeon, M|100/100
|turn|1
|
|t:|1728824453
|move|p2a: Espeon|Psychic|p1a: Suicune
|-damage|p1a: Suicune|61/100
|move|p1a: Suicune|Calm Mind|p1a: Suicune
|-boost|p1a: Suicune|spa|1
|-boost|p1a: Suicune|spd|1
|
|-heal|p1a: Suicune|67/100|[from] item: Leftovers
|upkeep
|turn|2
|
|t:|1728824470
|move|p2a: Espeon|Psychic|p1a: Suicune
|-damage|p1a: Suicune|41/100
|move|p1a: Suicune|Roar|p2a: Espeon
|drag|p2a: Gengar|Gengar, M|100/100
|
|-heal|p1a: Suicune|47/100|[from] item: Leftovers
|upkeep
|turn|3
|
|t:|1728824481
|move|p2a: Gengar|Thunderbolt|p1a: Suicune
|-supereffective|p1a: Suicune
|-damage|p1a: Suicune|10/100
|move|p1a: Suicune|Calm Mind|p1a: Suicune
|-boost|p1a: Suicune|spa|1
|-boost|p1a: Suicune|spd|1
|
|-heal|p1a: Suicune|16/100|[from] item: Leftovers
|upkeep
|turn|4
|
|t:|1728824497
|switch|p1a: Snorlax|Snorlax, M|100/100
|move|p2a: Gengar|Thunderbolt|p1a: Snorlax
|-damage|p1a: Snorlax|82/100
|
|-heal|p1a: Snorlax|88/100|[from] item: Leftovers
|upkeep
|turn|5
|
|t:|1728824506
|move|p2a: Gengar|Destiny Bond|p2a: Gengar
|-singlemove|p2a: Gengar|Destiny Bond
|move|p1a: Snorlax|Shadow Ball|p2a: Gengar
|-supereffective|p2a: Gengar
|-damage|p2a: Gengar|0 fnt
|faint|p2a: Gengar
|-activate|p2a: Gengar|move: Destiny Bond
|faint|p1a: Snorlax
|
|t:|1728824527
|switch|p2a: Espeon|Espeon, M|100/100
|switch|p1a: Metagross|Metagross|100/100
|
|upkeep
|turn|6
|
|t:|1728824534
|move|p2a: Espeon|Substitute|p2a: Espeon
|-start|p2a: Espeon|Substitute
|-damage|p2a: Espeon|75/100
|move|p1a: Metagross|Meteor Mash|p2a: Espeon
|-end|p2a: Espeon|Substitute
|
|upkeep
|turn|7
|
|t:|1728824542
|move|p2a: Espeon|Baton Pass|p2a: Espeon
|
|t:|1728824547
|switch|p2a: Celebi|Celebi|100/100|[from] Baton Pass
|move|p1a: Metagross|Meteor Mash|p2a: Celebi
|-damage|p2a: Celebi|30/100
|
|-heal|p2a: Celebi|36/100|[from] item: Leftovers
|upkeep
|turn|8
|
|t:|1728824560
|move|p2a: Celebi|Hidden Power|p1a: Metagross
|-supereffective|p1a: Metagross
|-damage|p1a: Metagross|60/100
|move|p1a: Metagross|Meteor Mash|p2a: Celebi
|-damage|p2a: Celebi|0 fnt
|faint|p2a: Celebi
|
|t:|1728824566
|switch|p2a: Jirachi|Jirachi|100/100
|
|upkeep
|turn|9
|
|t:|1728824582
|switch|p1a: Magneton|Magneton|100/100
|move|p2a: Jirachi|Fire Punch|p1a: Magneton
|-supereffective|p1a: Magneton
|-damage|p1a: Magneton|25/100
|
|upkeep
|turn|10
|
|t:|1728824589
|move|p2a: Jirachi|Fire Punch|p1a: Magneton
|-supereffective|p1a: Magneton
|-damage|p1a: Magneton|0 fnt
|faint|p1a: Magneton
|
|t:|1728824595
|switch|p1a: Suicune|Suicune|16/100
|
|-heal|p1a: Suicune|22/100|[from] item: Leftovers
|upkeep
|turn|11
|
|t:|1728824601
|move|p2a: Jirachi|Psychic|p1a: Suicune
|-damage|p1a: Suicune|0 fnt
|faint|p1a: Suicune
|
|t:|1728824612
|switch|p1a: Heracross|Heracross, F|100/100
|
|upkeep
|turn|12
|
|t:|1728824619
|move|p2a: Jirachi|Psychic|p1a: Heracross
|-supereffective|p1a: Heracross
|-damage|p1a: Heracross|14/100
|move|p1a: Heracross|Megahorn|p2a: Jirachi
|-damage|p2a: Jirachi|6/100
|
|-enditem|p1a: Heracross|Salac Berry|[eat]
|-boost|p1a: Heracross|spe|1|[from] item: Salac Berry
|upkeep
|turn|13
|
|t:|1728824629
|move|p1a: Heracross|Megahorn|p2a: Jirachi|[miss]
|-miss|p1a: Heracross|p2a: Jirachi
|move|p2a: Jirachi|Fire Punch|p1a: Heracross
|-supereffective|p1a: Heracross
|-damage|p1a: Heracross|0 fnt
|faint|p1a: Heracross
|
|t:|1728824638
|switch|p1a: Salamence|Salamence, F|100/100
|-ability|p1a: Salamence|Intimidate|boost
|-unboost|p2a: Jirachi|atk|1
|
|upkeep
|turn|14
|
|t:|1728824653
|move|p2a: Jirachi|Ice Punch|p1a: Salamence
|-supereffective|p1a: Salamence
|-damage|p1a: Salamence|0 fnt
|faint|p1a: Salamence
|
|t:|1728824658
|switch|p1a: Metagross|Metagross|60/100
|
|upkeep
|turn|15
|
|t:|1728824676
|move|p2a: Jirachi|Fire Punch|p1a: Metagross
|-supereffective|p1a: Metagross
|-damage|p1a: Metagross|9/100
|move|p1a: Metagross|Earthquake|p2a: Jirachi
|-supereffective|p2a: Jirachi
|-damage|p2a: Jirachi|0 fnt
|faint|p2a: Jirachi
|
|t:|1728824680
|switch|p2a: Espeon|Espeon, M|75/100
|
|upkeep
|turn|16
|
|t:|1728824687
|move|p2a: Espeon|Psychic|p1a: Metagross
|-resisted|p1a: Metagross
|-damage|p1a: Metagross|0 fnt
|faint|p1a: Metagross
|
|win|StatelessFir
|player|p1|
|c|☆StatelessFir|Gg

</script>
<script type="application/json" class="data" id="replaydata-smogtours-gen3ou-798000">
{"id":"smogtours-gen3ou-798000","format":"[Gen 3] OU","players":["LoopingPyre","StatelessFir"],"uploadtime":1728824687,"views":93,"formatid":"gen3ou","rating":null,"private":0,"password":null}
</script>

<script defer src="js/replays.js?9d40a366"></script>
