<!DOCTYPE html>
<meta charset="utf-8" />
<meta name="viewport" content="width=device-width" />

<title>[Gen 3] OU: Big John Green vs. Seradess - Replays - Pok&eacute;mon Showdown!</title>

<meta name="description" content="Watch a replay of a Pok&eacute;mon battle between Big John Green and Seradess! Format: [Gen 3] OU; Date: Oct 8, 2024" />
<!--

Hey, you! Looking in the source for the replay log?

You can find them in JSON format, just add `.json` at the end of a replay URL.

https://replay.pokemonshowdown.com/gen7randomdoublesbattle-865046831.json

Or, if you only need the log itself, add `.log` instead:

https://replay.pokemonshowdown.com/gen7randomdoublesbattle-865046831.log

-->

<link rel="stylesheet" href="//pokemonshowdown.com/style/global.css?0.023195364461161105" />
<link rel="stylesheet" href="//play.pokemonshowdown.com/style/font-awesome.css?0.13261647063804238" />
<link rel="stylesheet" href="//play.pokemonshowdown.com/style/battle.css?0.8753245789963631" />
<link rel="stylesheet" href="//play.pokemonshowdown.com/style/utilichart.css?0.8627959624976733" />

<!-- Global site tag (gtag.js) - Google Analytics -->
<script async src="https://www.googletagmanager.com/gtag/js?id=UA-26211653-1"></script>
<script>
  window.dataLayer = window.dataLayer || [];
  function gtag(){dataLayer.push(arguments);}
  gtag('js', new Date());

  gtag('config', 'UA-26211653-1');
</script>
<!-- End Google Analytics -->
<!-- Venatus Ad Manager - Install in <HEAD> of page -->
	<script src="https://hb.vntsm.com/v3/live/ad-manager.min.js" type="text/javascript" data-site-id="642aba63ec9a7b11c3c9c1be" data-mode="scan" async></script>
<!-- / Venatus Ad Manager -->

<style>
	@media (max-width:820px) {
		.battle {
			margin: 0 auto;
		}
		.battle-log {
			margin: 7px auto 0;
			max-width: 640px;
			height: 300px;
			position: static;
		}
	}
	.optgroup {
		display: inline-block;
		line-height: 22px;
		font-size: 10pt;
	}
	.optgroup .button {
		height: 25px;
		padding-top: 0;
		padding-bottom: 0;
	}
	.optgroup button.button {
		padding-left: 12px;
		padding-right: 12px;
	}
	.linklist {
		list-style: none;
		margin: 0.5em 0;
		padding: 0;
	}
	.linklist li {
		padding: 2px 0;
	}
	.sidebar {
		float: left;
		width: 320px;
	}
	.bar-wrapper {
		max-width: 1100px;
		margin: 0 auto;
	}
	.bar-wrapper.has-sidebar {
		max-width: 1430px;
	}
	.mainbar {
		margin: 0;
		padding-right: 1px;
	}
	.mainbar.has-sidebar {
		margin-left: 330px;
	}
	@media (min-width: 1511px) {
		.sidebar {
			width: 400px;
		}
		.bar-wrapper.has-sidebar {
			max-width: 1510px;
		}
		.mainbar.has-sidebar {
			margin-left: 410px;
		}
	}
	.section.first-section {
		margin-top: 9px;
	}
	.blocklink small {
		white-space: normal;
	}
	.button {
		vertical-align: middle;
	}
	.replay-controls {
		padding-top: 10px;
	}
	.replay-controls h1 {
		font-size: 16pt;
		font-weight: normal;
		color: #CCC;
	}
	.pagelink {
		text-align: center;
	}
	.pagelink a {
		width: 150px;
	}
	.textbox, .button {
		font-size: 11pt;
		vertical-align: middle;
	}
	@media (max-width: 450px) {
		.button {
			font-size: 9pt;
		}
	}
</style>

<div>

	<header>
		<div class="nav-wrapper"><ul class="nav">
			<li><a class="button nav-first" href="//pokemonshowdown.com/"><img src="//pokemonshowdown.com/images/pokemonshowdownbeta.png" srcset="//pokemonshowdown.com/images/pokemonshowdownbeta.png 1x, //pokemonshowdown.com/images/pokemonshowdownbeta@2x.png 2x" alt="Pok&eacute;mon Showdown" width="146" height="44" /> Home</a></li>
			<li><a class="button" href="//pokemonshowdown.com/dex/">Pok&eacute;dex</a></li>
			<li><a class="button cur" href="/">Replays</a></li>
			<li><a class="button" href="//pokemonshowdown.com/ladder/">Ladder</a></li>
			<li><a class="button nav-last" href="//pokemonshowdown.com/forums/">Forum</a></li>
			<li><a class="button greenbutton nav-first nav-last" href="//play.pokemonshowdown.com/">Play</a></li>
		</ul></div>
	</header>

	<div class="main" id="main">

		<noscript><section class="section">You need to enable JavaScript to use this page; sorry!</section></noscript>

	</div>

</div>

<script defer nomodule src="//play.pokemonshowdown.com/js/lib/ps-polyfill.js"></script>
<script defer src="//play.pokemonshowdown.com/js/lib/preact.min.js"></script>

<script defer src="//play.pokemonshowdown.com/config/config.js?2bddbc15"></script>
<script defer src="//play.pokemonshowdown.com/js/lib/jquery-1.11.0.min.js"></script>
<script defer src="//play.pokemonshowdown.com/js/lib/html-sanitizer-minified.js"></script>
<script defer src="//play.pokemonshowdown.com/js/battle-sound.js"></script>
<script defer src="//play.pokemonshowdown.com/js/battledata.js?0.7209276989879541"></script>
<script defer src="//play.pokemonshowdown.com/data/pokedex-mini.js?0.6111056340867951"></script>
<script defer src="//play.pokemonshowdown.com/data/pokedex-mini-bw.js?0.3532142036491459"></script>
<script defer src="//play.pokemonshowdown.com/data/graphics.js?0.24223875632456182"></script>
<script defer src="//play.pokemonshowdown.com/data/pokedex.js?0.38839984266356864"></script>
<script defer src="//play.pokemonshowdown.com/data/moves.js?0.21866028504024015"></script>
<script defer src="//play.pokemonshowdown.com/data/abilities.js?0.2005157953846628"></script>
<script defer src="//play.pokemonshowdown.com/data/items.js?0.9894211263848525"></script>
<script defer src="//play.pokemonshowdown.com/data/teambuilder-tables.js?0.6008791140282215"></script>
<script defer src="//play.pokemonshowdown.com/js/battle-tooltips.js?0.7580118955022959"></script>
<script defer src="//play.pokemonshowdown.com/js/battle.js?0.6057722274234274"></script>

<script defer src="js/utils.js?e31f9a17"></script>
<script defer src="js/replays-battle.js?7008c182"></script>

<!-- don't scrape this data! just add .json or .log after the URL!
Full API docs: https://github.com/smogon/pokemon-showdown-client/blob/master/WEB-API.md -->
<script type="text/plain" class="log" id="replaylog-smogtours-gen3ou-796490">
|inactive|Battle timer is ON: inactive players will automatically lose when time's up.
|t:|1728421274
|gametype|singles
|player|p1|Big John Green|byron|
|player|p2|Seradess|1|
|teamsize|p1|6
|teamsize|p2|6
|gen|3
|tier|[Gen 3] OU
|rule|Sleep Clause Mod: Limit one foe put to sleep
|rule|Switch Priority Clause Mod: Faster Pokémon switch first
|rule|Species Clause: Limit one of each Pokémon
|rule|OHKO Clause: OHKO moves are banned
|rule|Evasion Items Clause: Evasion items are banned
|rule|Evasion Moves Clause: Evasion moves are banned
|rule|Endless Battle Clause: Forcing endless battles is banned
|rule|HP Percentage Mod: HP is shown in percentages
|rule|One Boost Passer Clause: Limit one Baton Passer that has a way to boost its stats
|rule|Freeze Clause Mod: Limit one foe frozen
|
|t:|1728421274
|start
|switch|p1a: Salamence|Salamence, F|100/100
|switch|p2a: Smargad|Salamence, M, shiny|100/100
|-ability|p2a: Smargad|Intimidate|boost
|-unboost|p1a: Salamence|atk|1
|-ability|p1a: Salamence|Intimidate|boost
|-unboost|p2a: Smargad|atk|1
|turn|1
|c|☆Seradess|hlhf
|c|☆Big John Green|indeed
|inactive|Big John Green has 270 seconds left.
|
|t:|1728421310
|switch|p2a: José|Suicune, shiny|100/100
|switch|p1a: Blissey|Blissey, F|100/100
|
|upkeep
|turn|2
|
|t:|1728421320
|switch|p2a: Cupcake|Metagross, shiny|100/100
|move|p1a: Blissey|Sing|p2a: Cupcake|[miss]
|-miss|p1a: Blissey|p2a: Cupcake
|
|upkeep
|turn|3
|
|t:|1728421326
|switch|p1a: Skarmory|Skarmory, M|100/100
|move|p2a: Cupcake|Meteor Mash|p1a: Skarmory
|-resisted|p1a: Skarmory
|-damage|p1a: Skarmory|78/100
|
|-heal|p1a: Skarmory|84/100|[from] item: Leftovers
|upkeep
|turn|4
|
|t:|1728421332
|switch|p2a: Poindexter|Magneton, shiny|100/100
|move|p1a: Skarmory|Roar|p2a: Poindexter
|drag|p2a: Smargad|Salamence, M, shiny|100/100
|-ability|p2a: Smargad|Intimidate|boost
|-unboost|p1a: Skarmory|atk|1
|
|-heal|p1a: Skarmory|90/100|[from] item: Leftovers
|upkeep
|turn|5
|
|t:|1728421353
|switch|p2a: Cupcake|Metagross, shiny|100/100
|switch|p1a: Blissey|Blissey, F|100/100
|
|upkeep
|turn|6
|inactive|Big John Green has 270 seconds left.
|
|t:|1728421390
|switch|p1a: Claydol|Claydol|100/100
|move|p2a: Cupcake|Meteor Mash|p1a: Claydol
|-damage|p1a: Claydol|41/100
|
|-heal|p1a: Claydol|47/100|[from] item: Leftovers
|upkeep
|turn|7
|inactive|Big John Green has 270 seconds left.
|
|t:|1728421405
|switch|p2a: Smargad|Salamence, M, shiny|100/100
|-ability|p2a: Smargad|Intimidate|boost
|-unboost|p1a: Claydol|atk|1
|move|p1a: Claydol|Earthquake|p2a: Smargad
|-immune|p2a: Smargad
|
|-heal|p1a: Claydol|54/100|[from] item: Leftovers
|upkeep
|turn|8
|inactive|Big John Green has 270 seconds left.
|
|t:|1728421425
|switch|p2a: Poindexter|Magneton, shiny|100/100
|move|p1a: Claydol|Explosion|p2a: Poindexter
|-resisted|p2a: Poindexter
|-damage|p2a: Poindexter|41/100
|faint|p1a: Claydol
|
|t:|1728421434
|switch|p1a: Salamence|Salamence, F|100/100
|-ability|p1a: Salamence|Intimidate|boost
|-unboost|p2a: Poindexter|atk|1
|
|-heal|p2a: Poindexter|47/100|[from] item: Leftovers
|upkeep
|turn|9
|
|t:|1728421444
|switch|p1a: Blissey|Blissey, F|100/100
|switch|p2a: José|Suicune, shiny|100/100
|
|upkeep
|turn|10
|
|t:|1728421456
|switch|p2a: Claydol|Claydol|100/100
|move|p1a: Blissey|Sing|p2a: Claydol
|-status|p2a: Claydol|slp|[from] move: Sing
|
|upkeep
|turn|11
|inactive|Big John Green has 270 seconds left.
|
|t:|1728421473
|switch|p2a: Cupcake|Metagross, shiny|100/100
|switch|p1a: Metagross|Metagross|100/100
|
|upkeep
|turn|12
|inactive|Big John Green has 270 seconds left.
|
|t:|1728421492
|switch|p2a: José|Suicune, shiny|100/100
|move|p1a: Metagross|Earthquake|p2a: José
|-damage|p2a: José|80/100
|
|-heal|p2a: José|86/100|[from] item: Leftovers
|upkeep
|turn|13
|
|t:|1728421501
|switch|p1a: Blissey|Blissey, F|100/100
|move|p2a: José|Surf|p1a: Blissey
|-damage|p1a: Blissey|88/100
|
|-heal|p2a: José|92/100|[from] item: Leftovers
|-heal|p1a: Blissey|94/100|[from] item: Leftovers
|upkeep
|turn|14
|
|t:|1728421517
|switch|p2a: Cupcake|Metagross, shiny|100/100
|move|p1a: Blissey|Thunderbolt|p2a: Cupcake
|-damage|p2a: Cupcake|75/100
|
|-heal|p2a: Cupcake|81/100|[from] item: Leftovers
|-heal|p1a: Blissey|99/100|[from] item: Leftovers
|upkeep
|turn|15
|
|t:|1728421529
|switch|p1a: Metagross|Metagross|100/100
|move|p2a: Cupcake|Meteor Mash|p1a: Metagross
|-resisted|p1a: Metagross
|-damage|p1a: Metagross|81/100
|
|-heal|p2a: Cupcake|87/100|[from] item: Leftovers
|-heal|p1a: Metagross|87/100|[from] item: Leftovers
|upkeep
|turn|16
|
|t:|1728421552
|move|p1a: Metagross|Protect|p1a: Metagross
|-singleturn|p1a: Metagross|Protect
|move|p2a: Cupcake|Earthquake|p1a: Metagross
|-activate|p1a: Metagross|Protect
|
|-heal|p2a: Cupcake|93/100|[from] item: Leftovers
|-heal|p1a: Metagross|93/100|[from] item: Leftovers
|upkeep
|turn|17
|
|t:|1728421570
|move|p2a: Cupcake|Earthquake|p1a: Metagross
|-supereffective|p1a: Metagross
|-damage|p1a: Metagross|44/100
|move|p1a: Metagross|Earthquake|p2a: Cupcake
|-supereffective|p2a: Cupcake
|-damage|p2a: Cupcake|43/100
|
|-heal|p2a: Cupcake|49/100|[from] item: Leftovers
|-heal|p1a: Metagross|50/100|[from] item: Leftovers
|upkeep
|turn|18
|
|t:|1728421580
|switch|p1a: Skarmory|Skarmory, M|90/100
|move|p2a: Cupcake|Earthquake|p1a: Skarmory
|-immune|p1a: Skarmory
|
|-heal|p2a: Cupcake|56/100|[from] item: Leftovers
|-heal|p1a: Skarmory|96/100|[from] item: Leftovers
|upkeep
|turn|19
|
|t:|1728421586
|switch|p2a: Poindexter|Magneton, shiny|47/100
|move|p1a: Skarmory|Roar|p2a: Poindexter
|drag|p2a: Smargad|Salamence, M, shiny|100/100
|-ability|p2a: Smargad|Intimidate|boost
|-unboost|p1a: Skarmory|atk|1
|
|-heal|p1a: Skarmory|100/100|[from] item: Leftovers
|upkeep
|turn|20
|
|t:|1728421597
|switch|p1a: Blissey|Blissey, F|99/100
|move|p2a: Smargad|Hidden Power|p1a: Blissey
|-damage|p1a: Blissey|44/100
|
|-heal|p1a: Blissey|51/100|[from] item: Leftovers
|upkeep
|turn|21
|
|t:|1728421613
|switch|p1a: Salamence|Salamence, F|100/100
|-ability|p1a: Salamence|Intimidate|boost
|-unboost|p2a: Smargad|atk|1
|move|p2a: Smargad|Hidden Power|p1a: Salamence
|-damage|p1a: Salamence|55/100
|
|-heal|p1a: Salamence|62/100|[from] item: Leftovers
|upkeep
|turn|22
|
|t:|1728421624
|switch|p2a: José|Suicune, shiny|92/100
|move|p1a: Salamence|Fire Blast|p2a: José
|-resisted|p2a: José
|-damage|p2a: José|77/100
|
|-heal|p1a: Salamence|68/100|[from] item: Leftovers
|-heal|p2a: José|83/100|[from] item: Leftovers
|upkeep
|turn|23
|
|t:|1728421639
|switch|p1a: Blissey|Blissey, F|51/100
|move|p2a: José|Surf|p1a: Blissey
|-damage|p1a: Blissey|38/100
|
|-heal|p2a: José|89/100|[from] item: Leftovers
|-heal|p1a: Blissey|44/100|[from] item: Leftovers
|upkeep
|turn|24
|
|t:|1728421643
|switch|p2a: Cupcake|Metagross, shiny|56/100
|move|p1a: Blissey|Soft-Boiled|p1a: Blissey
|-heal|p1a: Blissey|94/100
|
|-heal|p2a: Cupcake|62/100|[from] item: Leftovers
|-heal|p1a: Blissey|100/100|[from] item: Leftovers
|upkeep
|turn|25
|
|t:|1728421663
|switch|p1a: Salamence|Salamence, F|68/100
|-ability|p1a: Salamence|Intimidate|boost
|-fail|p2a: Cupcake|unboost|[from] ability: Clear Body|[of] p2a: Cupcake
|move|p2a: Cupcake|Agility|p2a: Cupcake
|-boost|p2a: Cupcake|spe|2
|
|-heal|p2a: Cupcake|68/100|[from] item: Leftovers
|-heal|p1a: Salamence|74/100|[from] item: Leftovers
|upkeep
|turn|26
|inactive|Big John Green has 270 seconds left.
|inactive|Big John Green has 240 seconds left.
|
|t:|1728421719
|switch|p1a: Metagross|Metagross|50/100
|move|p2a: Cupcake|Meteor Mash|p1a: Metagross
|-resisted|p1a: Metagross
|-damage|p1a: Metagross|30/100
|-boost|p2a: Cupcake|atk|1
|
|-heal|p2a: Cupcake|74/100|[from] item: Leftovers
|-heal|p1a: Metagross|36/100|[from] item: Leftovers
|upkeep
|turn|27
|inactive|Big John Green has 240 seconds left.
|
|t:|1728421735
|switch|p2a: Poindexter|Magneton, shiny|47/100
|switch|p1a: Skarmory|Skarmory, M|100/100
|
|-heal|p2a: Poindexter|53/100|[from] item: Leftovers
|upkeep
|turn|28
|
|t:|1728421740
|move|p2a: Poindexter|Thunderbolt|p1a: Skarmory
|-supereffective|p1a: Skarmory
|-damage|p1a: Skarmory|0 fnt
|faint|p1a: Skarmory
|
|t:|1728421749
|switch|p1a: Salamence|Salamence, F|74/100
|-ability|p1a: Salamence|Intimidate|boost
|-unboost|p2a: Poindexter|atk|1
|
|-heal|p1a: Salamence|80/100|[from] item: Leftovers
|-heal|p2a: Poindexter|59/100|[from] item: Leftovers
|upkeep
|turn|29
|
|t:|1728421758
|move|p1a: Salamence|Hidden Power|p2a: Poindexter
|-resisted|p2a: Poindexter
|-damage|p2a: Poindexter|39/100
|move|p2a: Poindexter|Toxic|p1a: Salamence
|-status|p1a: Salamence|tox
|
|-heal|p1a: Salamence|86/100 tox|[from] item: Leftovers
|-damage|p1a: Salamence|80/100 tox|[from] psn
|-heal|p2a: Poindexter|45/100|[from] item: Leftovers
|upkeep
|turn|30
|
|t:|1728421762
|move|p2a: Poindexter|Protect|p2a: Poindexter
|-singleturn|p2a: Poindexter|Protect
|move|p1a: Salamence|Fire Blast|p2a: Poindexter
|-activate|p2a: Poindexter|Protect
|
|-heal|p1a: Salamence|86/100 tox|[from] item: Leftovers
|-damage|p1a: Salamence|74/100 tox|[from] psn
|-heal|p2a: Poindexter|51/100|[from] item: Leftovers
|upkeep
|turn|31
|inactive|Big John Green has 270 seconds left.
|
|t:|1728421776
|switch|p1a: Metagross|Metagross|36/100
|move|p2a: Poindexter|Thunderbolt|p1a: Metagross
|-damage|p1a: Metagross|0 fnt
|faint|p1a: Metagross
|c|☆Big John Green|gg
|inactive|Big John Green has 270 seconds left.
|-message|Big John Green forfeited.
|
|win|Seradess
|c|☆Seradess|gg
|player|p2|
|player|p1|
|player|p1|Big John Green|byron|

</script>
<script type="application/json" class="data" id="replaydata-smogtours-gen3ou-796490">
{"id":"smogtours-gen3ou-796490","format":"[Gen 3] OU","players":["Big John Green","Seradess"],"uploadtime":1728421783,"views":183,"formatid":"gen3ou","rating":null,"private":0,"password":null}
</script>

<script defer src="js/replays.js?9d40a366"></script>
