<!DOCTYPE html>
<meta charset="utf-8" />
<meta name="viewport" content="width=device-width" />

<title>[Gen 3] OU: Jfaun vs. triskeriaki - Replays - Pok&eacute;mon Showdown!</title>

<meta name="description" content="Watch a replay of a Pok&eacute;mon battle between Jfaun and triskeriaki! Format: [Gen 3] OU; Date: Oct 29, 2024" />
<!--

Hey, you! Looking in the source for the replay log?

You can find them in JSON format, just add `.json` at the end of a replay URL.

https://replay.pokemonshowdown.com/gen7randomdoublesbattle-865046831.json

Or, if you only need the log itself, add `.log` instead:

https://replay.pokemonshowdown.com/gen7randomdoublesbattle-865046831.log

-->

<link rel="stylesheet" href="//pokemonshowdown.com/style/global.css?0.023195364461161105" />
<link rel="stylesheet" href="//play.pokemonshowdown.com/style/font-awesome.css?0.13261647063804238" />
<link rel="stylesheet" href="//play.pokemonshowdown.com/style/battle.css?0.8753245789963631" />
<link rel="stylesheet" href="//play.pokemonshowdown.com/style/utilichart.css?0.8627959624976733" />

<!-- Global site tag (gtag.js) - Google Analytics -->
<script async src="https://www.googletagmanager.com/gtag/js?id=UA-26211653-1"></script>
<script>
  window.dataLayer = window.dataLayer || [];
  function gtag(){dataLayer.push(arguments);}
  gtag('js', new Date());

  gtag('config', 'UA-26211653-1');
</script>
<!-- End Google Analytics -->
<!-- Venatus Ad Manager - Install in <HEAD> of page -->
	<script src="https://hb.vntsm.com/v3/live/ad-manager.min.js" type="text/javascript" data-site-id="642aba63ec9a7b11c3c9c1be" data-mode="scan" async></script>
<!-- / Venatus Ad Manager -->

<style>
	@media (max-width:820px) {
		.battle {
			margin: 0 auto;
		}
		.battle-log {
			margin: 7px auto 0;
			max-width: 640px;
			height: 300px;
			position: static;
		}
	}
	.optgroup {
		display: inline-block;
		line-height: 22px;
		font-size: 10pt;
	}
	.optgroup .button {
		height: 25px;
		padding-top: 0;
		padding-bottom: 0;
	}
	.optgroup button.button {
		padding-left: 12px;
		padding-right: 12px;
	}
	.linklist {
		list-style: none;
		margin: 0.5em 0;
		padding: 0;
	}
	.linklist li {
		padding: 2px 0;
	}
	.sidebar {
		float: left;
		width: 320px;
	}
	.bar-wrapper {
		max-width: 1100px;
		margin: 0 auto;
	}
	.bar-wrapper.has-sidebar {
		max-width: 1430px;
	}
	.mainbar {
		margin: 0;
		padding-right: 1px;
	}
	.mainbar.has-sidebar {
		margin-left: 330px;
	}
	@media (min-width: 1511px) {
		.sidebar {
			width: 400px;
		}
		.bar-wrapper.has-sidebar {
			max-width: 1510px;
		}
		.mainbar.has-sidebar {
			margin-left: 410px;
		}
	}
	.section.first-section {
		margin-top: 9px;
	}
	.blocklink small {
		white-space: normal;
	}
	.button {
		vertical-align: middle;
	}
	.replay-controls {
		padding-top: 10px;
	}
	.replay-controls h1 {
		font-size: 16pt;
		font-weight: normal;
		color: #CCC;
	}
	.pagelink {
		text-align: center;
	}
	.pagelink a {
		width: 150px;
	}
	.textbox, .button {
		font-size: 11pt;
		vertical-align: middle;
	}
	@media (max-width: 450px) {
		.button {
			font-size: 9pt;
		}
	}
</style>

<div>

	<header>
		<div class="nav-wrapper"><ul class="nav">
			<li><a class="button nav-first" href="//pokemonshowdown.com/"><img src="//pokemonshowdown.com/images/pokemonshowdownbeta.png" srcset="//pokemonshowdown.com/images/pokemonshowdownbeta.png 1x, //pokemonshowdown.com/images/pokemonshowdownbeta@2x.png 2x" alt="Pok&eacute;mon Showdown" width="146" height="44" /> Home</a></li>
			<li><a class="button" href="//pokemonshowdown.com/dex/">Pok&eacute;dex</a></li>
			<li><a class="button cur" href="/">Replays</a></li>
			<li><a class="button" href="//pokemonshowdown.com/ladder/">Ladder</a></li>
			<li><a class="button nav-last" href="//pokemonshowdown.com/forums/">Forum</a></li>
			<li><a class="button greenbutton nav-first nav-last" href="//play.pokemonshowdown.com/">Play</a></li>
		</ul></div>
	</header>

	<div class="main" id="main">

		<noscript><section class="section">You need to enable JavaScript to use this page; sorry!</section></noscript>

	</div>

</div>

<script defer nomodule src="//play.pokemonshowdown.com/js/lib/ps-polyfill.js"></script>
<script defer src="//play.pokemonshowdown.com/js/lib/preact.min.js"></script>

<script defer src="//play.pokemonshowdown.com/config/config.js?2bddbc15"></script>
<script defer src="//play.pokemonshowdown.com/js/lib/jquery-1.11.0.min.js"></script>
<script defer src="//play.pokemonshowdown.com/js/lib/html-sanitizer-minified.js"></script>
<script defer src="//play.pokemonshowdown.com/js/battle-sound.js"></script>
<script defer src="//play.pokemonshowdown.com/js/battledata.js?0.7209276989879541"></script>
<script defer src="//play.pokemonshowdown.com/data/pokedex-mini.js?0.6111056340867951"></script>
<script defer src="//play.pokemonshowdown.com/data/pokedex-mini-bw.js?0.3532142036491459"></script>
<script defer src="//play.pokemonshowdown.com/data/graphics.js?0.24223875632456182"></script>
<script defer src="//play.pokemonshowdown.com/data/pokedex.js?0.38839984266356864"></script>
<script defer src="//play.pokemonshowdown.com/data/moves.js?0.21866028504024015"></script>
<script defer src="//play.pokemonshowdown.com/data/abilities.js?0.2005157953846628"></script>
<script defer src="//play.pokemonshowdown.com/data/items.js?0.9894211263848525"></script>
<script defer src="//play.pokemonshowdown.com/data/teambuilder-tables.js?0.6008791140282215"></script>
<script defer src="//play.pokemonshowdown.com/js/battle-tooltips.js?0.7580118955022959"></script>
<script defer src="//play.pokemonshowdown.com/js/battle.js?0.6057722274234274"></script>

<script defer src="js/utils.js?e31f9a17"></script>
<script defer src="js/replays-battle.js?7008c182"></script>

<!-- don't scrape this data! just add .json or .log after the URL!
Full API docs: https://github.com/smogon/pokemon-showdown-client/blob/master/WEB-API.md -->
<script type="text/plain" class="log" id="replaylog-smogtours-gen3ou-803382">
|inactive|Battle timer is ON: inactive players will automatically lose when time's up.
|t:|1730243913
|gametype|singles
|player|p1|Jfaun|102|
|player|p2|triskeriaki|medium-gen2jp|
|teamsize|p1|6
|teamsize|p2|6
|gen|3
|tier|[Gen 3] OU
|rule|Sleep Clause Mod: Limit one foe put to sleep
|rule|Switch Priority Clause Mod: Faster Pokémon switch first
|rule|Species Clause: Limit one of each Pokémon
|rule|OHKO Clause: OHKO moves are banned
|rule|Evasion Items Clause: Evasion items are banned
|rule|Evasion Moves Clause: Evasion moves are banned
|rule|Endless Battle Clause: Forcing endless battles is banned
|rule|HP Percentage Mod: HP is shown in percentages
|rule|One Boost Passer Clause: Limit one Baton Passer that has a way to boost its stats
|rule|Freeze Clause Mod: Limit one foe frozen
|
|t:|1730243913
|start
|switch|p1a: Suicune|Suicune|100/100
|switch|p2a: dog 1|Raikou|100/100
|turn|1
|c|☆triskeriaki|glhf
|c|☆Jfaun|gl hf
|inactive|Jfaun has 270 seconds left.
|inactive|triskeriaki has 270 seconds left.
|inactive|triskeriaki has 240 seconds left.
|inactive|Jfaun has 240 seconds left.
|
|t:|1730243999
|switch|p1a: Celebi|Celebi|100/100
|move|p2a: dog 1|Calm Mind|p2a: dog 1
|-boost|p2a: dog 1|spa|1
|-boost|p2a: dog 1|spd|1
|
|upkeep
|turn|2
|
|t:|1730244014
|switch|p1a: Dugtrio|Dugtrio, F|100/100
|move|p2a: dog 1|Calm Mind|p2a: dog 1
|-boost|p2a: dog 1|spa|1
|-boost|p2a: dog 1|spd|1
|
|upkeep
|turn|3
|
|t:|1730244017
|move|p1a: Dugtrio|Earthquake|p2a: dog 1
|-supereffective|p2a: dog 1
|-damage|p2a: dog 1|2/100
|move|p2a: dog 1|Hidden Power|p1a: Dugtrio
|-supereffective|p1a: Dugtrio
|-damage|p1a: Dugtrio|0 fnt
|faint|p1a: Dugtrio
|inactive|Jfaun has 270 seconds left.
|
|t:|1730244050
|switch|p1a: Celebi|Celebi|100/100
|
|-heal|p2a: dog 1|8/100|[from] item: Leftovers
|upkeep
|turn|4
|
|t:|1730244056
|move|p2a: dog 1|Rest|p2a: dog 1
|-status|p2a: dog 1|slp|[from] move: Rest
|-heal|p2a: dog 1|100/100 slp|[silent]
|move|p1a: Celebi|Psychic|p2a: dog 1
|-damage|p2a: dog 1|85/100 slp
|
|-heal|p2a: dog 1|91/100 slp|[from] item: Leftovers
|upkeep
|turn|5
|
|t:|1730244063
|switch|p1a: Metagross|Metagross|100/100
|cant|p2a: dog 1|slp
|
|-heal|p2a: dog 1|97/100 slp|[from] item: Leftovers
|upkeep
|turn|6
|
|t:|1730244093
|switch|p2a: lil guy 2|Jirachi|100/100
|move|p1a: Metagross|Earthquake|p2a: lil guy 2
|-supereffective|p2a: lil guy 2
|-damage|p2a: lil guy 2|33/100
|
|-heal|p2a: lil guy 2|39/100|[from] item: Leftovers
|upkeep
|turn|7
|
|t:|1730244099
|move|p2a: lil guy 2|Protect|p2a: lil guy 2
|-singleturn|p2a: lil guy 2|Protect
|move|p1a: Metagross|Earthquake|p2a: lil guy 2
|-activate|p2a: lil guy 2|Protect
|
|-heal|p2a: lil guy 2|45/100|[from] item: Leftovers
|upkeep
|turn|8
|
|t:|1730244105
|switch|p2a: lil guy 1|Celebi|100/100
|move|p1a: Metagross|Earthquake|p2a: lil guy 1
|-resisted|p2a: lil guy 1
|-damage|p2a: lil guy 1|79/100
|
|-heal|p2a: lil guy 1|85/100|[from] item: Leftovers
|upkeep
|turn|9
|inactive|Jfaun has 270 seconds left.
|
|t:|1730244146
|switch|p1a: Moltres|Moltres|100/100
|move|p2a: lil guy 1|Leech Seed|p1a: Moltres
|-start|p1a: Moltres|move: Leech Seed
|
|-heal|p2a: lil guy 1|91/100|[from] item: Leftovers
|-damage|p1a: Moltres|88/100|[from] Leech Seed|[of] p2a: lil guy 1
|-heal|p2a: lil guy 1|100/100|[silent]
|upkeep
|turn|10
|
|t:|1730244167
|switch|p2a: dog 2|Suicune|100/100
|move|p1a: Moltres|Flamethrower|p2a: dog 2
|-resisted|p2a: dog 2
|-damage|p2a: dog 2|81/100
|
|-heal|p2a: dog 2|87/100|[from] item: Leftovers
|-heal|p1a: Moltres|94/100|[from] item: Leftovers
|-damage|p1a: Moltres|82/100|[from] Leech Seed|[of] p2a: dog 2
|-heal|p2a: dog 2|98/100|[silent]
|upkeep
|turn|11
|inactive|triskeriaki has 270 seconds left.
|inactive|Jfaun has 240 seconds left.
|
|t:|1730244210
|switch|p1a: Celebi|Celebi|100/100
|move|p2a: dog 2|Calm Mind|p2a: dog 2
|-boost|p2a: dog 2|spa|1
|-boost|p2a: dog 2|spd|1
|
|-heal|p2a: dog 2|100/100|[from] item: Leftovers
|upkeep
|turn|12
|inactive|triskeriaki has 270 seconds left.
|
|t:|1730244220
|move|p1a: Celebi|Calm Mind|p1a: Celebi
|-boost|p1a: Celebi|spa|1
|-boost|p1a: Celebi|spd|1
|move|p2a: dog 2|Calm Mind|p2a: dog 2
|-boost|p2a: dog 2|spa|1
|-boost|p2a: dog 2|spd|1
|
|upkeep
|turn|13
|
|t:|1730244226
|move|p1a: Celebi|Calm Mind|p1a: Celebi
|-boost|p1a: Celebi|spa|1
|-boost|p1a: Celebi|spd|1
|move|p2a: dog 2|Calm Mind|p2a: dog 2
|-boost|p2a: dog 2|spa|1
|-boost|p2a: dog 2|spd|1
|
|upkeep
|turn|14
|
|t:|1730244232
|move|p1a: Celebi|Calm Mind|p1a: Celebi
|-boost|p1a: Celebi|spa|1
|-boost|p1a: Celebi|spd|1
|move|p2a: dog 2|Calm Mind|p2a: dog 2
|-boost|p2a: dog 2|spa|1
|-boost|p2a: dog 2|spd|1
|
|upkeep
|turn|15
|
|t:|1730244237
|move|p1a: Celebi|Calm Mind|p1a: Celebi
|-boost|p1a: Celebi|spa|1
|-boost|p1a: Celebi|spd|1
|move|p2a: dog 2|Roar|p1a: Celebi
|drag|p1a: Regice|Regice|100/100
|
|upkeep
|turn|16
|inactive|Jfaun has 270 seconds left.
|
|t:|1730244248
|move|p2a: dog 2|Calm Mind|p2a: dog 2
|-boost|p2a: dog 2|spa|1
|-boost|p2a: dog 2|spd|1
|move|p1a: Regice|Thunder Wave|p2a: dog 2
|-status|p2a: dog 2|par
|
|upkeep
|turn|17
|inactive|Jfaun has 270 seconds left.
|
|t:|1730244263
|switch|p1a: Metagross|Metagross|100/100
|move|p2a: dog 2|Surf|p1a: Metagross
|-damage|p1a: Metagross|0 fnt
|faint|p1a: Metagross
|
|t:|1730244272
|switch|p1a: Moltres|Moltres|82/100
|
|-heal|p1a: Moltres|88/100|[from] item: Leftovers
|upkeep
|turn|18
|
|t:|1730244275
|move|p2a: dog 2|Surf|p1a: Moltres
|-supereffective|p1a: Moltres
|-damage|p1a: Moltres|0 fnt
|faint|p1a: Moltres
|
|t:|1730244282
|switch|p1a: Celebi|Celebi|100/100
|
|upkeep
|turn|19
|
|t:|1730244289
|move|p1a: Celebi|Calm Mind|p1a: Celebi
|-boost|p1a: Celebi|spa|1
|-boost|p1a: Celebi|spd|1
|move|p2a: dog 2|Surf|p1a: Celebi
|-resisted|p1a: Celebi
|-crit|p1a: Celebi
|-damage|p1a: Celebi|9/100
|
|-heal|p1a: Celebi|16/100|[from] item: Leftovers
|upkeep
|turn|20
|
|t:|1730244298
|move|p1a: Celebi|Calm Mind|p1a: Celebi
|-boost|p1a: Celebi|spa|1
|-boost|p1a: Celebi|spd|1
|move|p2a: dog 2|Surf|p1a: Celebi
|-resisted|p1a: Celebi
|-damage|p1a: Celebi|0 fnt
|faint|p1a: Celebi
|
|t:|1730244302
|switch|p1a: Regice|Regice|100/100
|
|upkeep
|turn|21
|inactive|triskeriaki has 270 seconds left.
|
|t:|1730244340
|move|p1a: Regice|Explosion|p2a: dog 2
|-damage|p2a: dog 2|59/100 par
|faint|p1a: Regice
|
|t:|1730244344
|switch|p1a: Suicune|Suicune|100/100
|
|-heal|p2a: dog 2|65/100 par|[from] item: Leftovers
|upkeep
|turn|22
|
|t:|1730244349
|switch|p2a: lil guy 2|Jirachi|45/100
|move|p1a: Suicune|Calm Mind|p1a: Suicune
|-boost|p1a: Suicune|spa|1
|-boost|p1a: Suicune|spd|1
|
|-heal|p2a: lil guy 2|51/100|[from] item: Leftovers
|upkeep
|turn|23
|
|t:|1730244357
|move|p1a: Suicune|Hydro Pump|p2a: lil guy 2
|-damage|p2a: lil guy 2|0 fnt
|faint|p2a: lil guy 2
|
|t:|1730244362
|switch|p2a: lil guy 1|Celebi|100/100
|
|upkeep
|turn|24
|
|t:|1730244367
|move|p1a: Suicune|Calm Mind|p1a: Suicune
|-boost|p1a: Suicune|spa|1
|-boost|p1a: Suicune|spd|1
|move|p2a: lil guy 1|Leech Seed|p1a: Suicune
|-start|p1a: Suicune|move: Leech Seed
|
|-damage|p1a: Suicune|88/100|[from] Leech Seed|[of] p2a: lil guy 1
|upkeep
|turn|25
|
|t:|1730244376
|move|p1a: Suicune|Calm Mind|p1a: Suicune
|-boost|p1a: Suicune|spa|1
|-boost|p1a: Suicune|spd|1
|move|p2a: lil guy 1|Heal Bell|p2a: lil guy 1
|-activate|p2a: lil guy 1|move: Heal Bell
|-curestatus|p2: dog 2|par|[silent]
|-curestatus|p2: dog 1|slp|[silent]
|
|-heal|p1a: Suicune|94/100|[from] item: Leftovers
|-damage|p1a: Suicune|82/100|[from] Leech Seed|[of] p2a: lil guy 1
|upkeep
|turn|26
|
|t:|1730244386
|switch|p2a: dog 2|Suicune|65/100
|move|p1a: Suicune|Ice Beam|p2a: dog 2
|-resisted|p2a: dog 2
|-damage|p2a: dog 2|38/100
|
|-heal|p1a: Suicune|88/100|[from] item: Leftovers
|-damage|p1a: Suicune|75/100|[from] Leech Seed|[of] p2a: dog 2
|-heal|p2a: dog 2|49/100|[silent]
|-heal|p2a: dog 2|55/100|[from] item: Leftovers
|upkeep
|turn|27
|
|t:|1730244394
|move|p1a: Suicune|Hydro Pump|p2a: dog 2
|-resisted|p2a: dog 2
|-damage|p2a: dog 2|8/100
|move|p2a: dog 2|Calm Mind|p2a: dog 2
|-boost|p2a: dog 2|spa|1
|-boost|p2a: dog 2|spd|1
|
|-heal|p1a: Suicune|82/100|[from] item: Leftovers
|-damage|p1a: Suicune|69/100|[from] Leech Seed|[of] p2a: dog 2
|-heal|p2a: dog 2|19/100|[silent]
|-heal|p2a: dog 2|25/100|[from] item: Leftovers
|upkeep
|turn|28
|
|t:|1730244407
|move|p1a: Suicune|Hydro Pump|p2a: dog 2
|-resisted|p2a: dog 2
|-damage|p2a: dog 2|0 fnt
|faint|p2a: dog 2
|
|t:|1730244420
|switch|p2a: dog 1|Raikou|97/100
|
|-heal|p2a: dog 1|100/100|[from] item: Leftovers
|-heal|p1a: Suicune|75/100|[from] item: Leftovers
|-damage|p1a: Suicune|63/100|[from] Leech Seed|[of] p2a: dog 1
|upkeep
|turn|29
|
|t:|1730244425
|move|p2a: dog 1|Thunderbolt|p1a: Suicune
|-supereffective|p1a: Suicune
|-damage|p1a: Suicune|34/100
|move|p1a: Suicune|Hydro Pump|p2a: dog 1
|-damage|p2a: dog 1|0 fnt
|faint|p2a: dog 1
|
|t:|1730244435
|switch|p2a: lil guy 1|Celebi|100/100
|
|-heal|p1a: Suicune|40/100|[from] item: Leftovers
|-damage|p1a: Suicune|27/100|[from] Leech Seed|[of] p2a: lil guy 1
|upkeep
|turn|30
|
|t:|1730244443
|move|p1a: Suicune|Ice Beam|p2a: lil guy 1
|-supereffective|p2a: lil guy 1
|-damage|p2a: lil guy 1|0 fnt
|faint|p2a: lil guy 1
|
|t:|1730244448
|switch|p2a: smooth figure 2|Porygon2|100/100
|-ability|p2a: smooth figure 2|Pressure|[from] ability: Trace|[of] p1a: Suicune
|
|-heal|p1a: Suicune|33/100|[from] item: Leftovers
|-damage|p1a: Suicune|21/100|[from] Leech Seed|[of] p2a: smooth figure 2
|upkeep
|turn|31
|
|t:|1730244463
|switch|p2a: smooth figure 1|Claydol|100/100
|move|p1a: Suicune|Hydro Pump|p2a: smooth figure 1
|-supereffective|p2a: smooth figure 1
|-damage|p2a: smooth figure 1|0 fnt
|faint|p2a: smooth figure 1
|
|t:|1730244469
|switch|p2a: smooth figure 2|Porygon2|100/100
|-ability|p2a: smooth figure 2|Pressure|[from] ability: Trace|[of] p1a: Suicune
|
|-heal|p1a: Suicune|27/100|[from] item: Leftovers
|-damage|p1a: Suicune|15/100|[from] Leech Seed|[of] p2a: smooth figure 2
|upkeep
|turn|32
|
|t:|1730244479
|move|p1a: Suicune|Ice Beam|p2a: smooth figure 2
|-damage|p2a: smooth figure 2|30/100
|move|p2a: smooth figure 2|Thunderbolt|p1a: Suicune
|-supereffective|p1a: Suicune
|-damage|p1a: Suicune|0 fnt
|faint|p1a: Suicune
|
|win|triskeriaki
|c|☆Jfaun|gg
|c|☆triskeriaki|gg
|player|p1|

</script>
<script type="application/json" class="data" id="replaydata-smogtours-gen3ou-803382">
{"id":"smogtours-gen3ou-803382","format":"[Gen 3] OU","players":["Jfaun","triskeriaki"],"uploadtime":1730244479,"views":61,"formatid":"gen3ou","rating":null,"private":0,"password":null}
</script>

<script defer src="js/replays.js?9d40a366"></script>
