<!DOCTYPE html>
<meta charset="utf-8" />
<meta name="viewport" content="width=device-width" />

<title>[Gen 3] OU: Lhions vs. Himurabt - Replays - Pok&eacute;mon Showdown!</title>

<meta name="description" content="Watch a replay of a Pok&eacute;mon battle between Lhions and Himurabt! Format: [Gen 3] OU; Date: Oct 13, 2024" />
<!--

Hey, you! Looking in the source for the replay log?

You can find them in JSON format, just add `.json` at the end of a replay URL.

https://replay.pokemonshowdown.com/gen7randomdoublesbattle-865046831.json

Or, if you only need the log itself, add `.log` instead:

https://replay.pokemonshowdown.com/gen7randomdoublesbattle-865046831.log

-->

<link rel="stylesheet" href="//pokemonshowdown.com/style/global.css?0.023195364461161105" />
<link rel="stylesheet" href="//play.pokemonshowdown.com/style/font-awesome.css?0.13261647063804238" />
<link rel="stylesheet" href="//play.pokemonshowdown.com/style/battle.css?0.8753245789963631" />
<link rel="stylesheet" href="//play.pokemonshowdown.com/style/utilichart.css?0.8627959624976733" />

<!-- Global site tag (gtag.js) - Google Analytics -->
<script async src="https://www.googletagmanager.com/gtag/js?id=UA-26211653-1"></script>
<script>
  window.dataLayer = window.dataLayer || [];
  function gtag(){dataLayer.push(arguments);}
  gtag('js', new Date());

  gtag('config', 'UA-26211653-1');
</script>
<!-- End Google Analytics -->
<!-- Venatus Ad Manager - Install in <HEAD> of page -->
	<script src="https://hb.vntsm.com/v3/live/ad-manager.min.js" type="text/javascript" data-site-id="642aba63ec9a7b11c3c9c1be" data-mode="scan" async></script>
<!-- / Venatus Ad Manager -->

<style>
	@media (max-width:820px) {
		.battle {
			margin: 0 auto;
		}
		.battle-log {
			margin: 7px auto 0;
			max-width: 640px;
			height: 300px;
			position: static;
		}
	}
	.optgroup {
		display: inline-block;
		line-height: 22px;
		font-size: 10pt;
	}
	.optgroup .button {
		height: 25px;
		padding-top: 0;
		padding-bottom: 0;
	}
	.optgroup button.button {
		padding-left: 12px;
		padding-right: 12px;
	}
	.linklist {
		list-style: none;
		margin: 0.5em 0;
		padding: 0;
	}
	.linklist li {
		padding: 2px 0;
	}
	.sidebar {
		float: left;
		width: 320px;
	}
	.bar-wrapper {
		max-width: 1100px;
		margin: 0 auto;
	}
	.bar-wrapper.has-sidebar {
		max-width: 1430px;
	}
	.mainbar {
		margin: 0;
		padding-right: 1px;
	}
	.mainbar.has-sidebar {
		margin-left: 330px;
	}
	@media (min-width: 1511px) {
		.sidebar {
			width: 400px;
		}
		.bar-wrapper.has-sidebar {
			max-width: 1510px;
		}
		.mainbar.has-sidebar {
			margin-left: 410px;
		}
	}
	.section.first-section {
		margin-top: 9px;
	}
	.blocklink small {
		white-space: normal;
	}
	.button {
		vertical-align: middle;
	}
	.replay-controls {
		padding-top: 10px;
	}
	.replay-controls h1 {
		font-size: 16pt;
		font-weight: normal;
		color: #CCC;
	}
	.pagelink {
		text-align: center;
	}
	.pagelink a {
		width: 150px;
	}
	.textbox, .button {
		font-size: 11pt;
		vertical-align: middle;
	}
	@media (max-width: 450px) {
		.button {
			font-size: 9pt;
		}
	}
</style>

<div>

	<header>
		<div class="nav-wrapper"><ul class="nav">
			<li><a class="button nav-first" href="//pokemonshowdown.com/"><img src="//pokemonshowdown.com/images/pokemonshowdownbeta.png" srcset="//pokemonshowdown.com/images/pokemonshowdownbeta.png 1x, //pokemonshowdown.com/images/pokemonshowdownbeta@2x.png 2x" alt="Pok&eacute;mon Showdown" width="146" height="44" /> Home</a></li>
			<li><a class="button" href="//pokemonshowdown.com/dex/">Pok&eacute;dex</a></li>
			<li><a class="button cur" href="/">Replays</a></li>
			<li><a class="button" href="//pokemonshowdown.com/ladder/">Ladder</a></li>
			<li><a class="button nav-last" href="//pokemonshowdown.com/forums/">Forum</a></li>
			<li><a class="button greenbutton nav-first nav-last" href="//play.pokemonshowdown.com/">Play</a></li>
		</ul></div>
	</header>

	<div class="main" id="main">

		<noscript><section class="section">You need to enable JavaScript to use this page; sorry!</section></noscript>

	</div>

</div>

<script defer nomodule src="//play.pokemonshowdown.com/js/lib/ps-polyfill.js"></script>
<script defer src="//play.pokemonshowdown.com/js/lib/preact.min.js"></script>

<script defer src="//play.pokemonshowdown.com/config/config.js?2bddbc15"></script>
<script defer src="//play.pokemonshowdown.com/js/lib/jquery-1.11.0.min.js"></script>
<script defer src="//play.pokemonshowdown.com/js/lib/html-sanitizer-minified.js"></script>
<script defer src="//play.pokemonshowdown.com/js/battle-sound.js"></script>
<script defer src="//play.pokemonshowdown.com/js/battledata.js?0.7209276989879541"></script>
<script defer src="//play.pokemonshowdown.com/data/pokedex-mini.js?0.6111056340867951"></script>
<script defer src="//play.pokemonshowdown.com/data/pokedex-mini-bw.js?0.3532142036491459"></script>
<script defer src="//play.pokemonshowdown.com/data/graphics.js?0.24223875632456182"></script>
<script defer src="//play.pokemonshowdown.com/data/pokedex.js?0.38839984266356864"></script>
<script defer src="//play.pokemonshowdown.com/data/moves.js?0.21866028504024015"></script>
<script defer src="//play.pokemonshowdown.com/data/abilities.js?0.2005157953846628"></script>
<script defer src="//play.pokemonshowdown.com/data/items.js?0.9894211263848525"></script>
<script defer src="//play.pokemonshowdown.com/data/teambuilder-tables.js?0.6008791140282215"></script>
<script defer src="//play.pokemonshowdown.com/js/battle-tooltips.js?0.7580118955022959"></script>
<script defer src="//play.pokemonshowdown.com/js/battle.js?0.6057722274234274"></script>

<script defer src="js/utils.js?e31f9a17"></script>
<script defer src="js/replays-battle.js?7008c182"></script>

<!-- don't scrape this data! just add .json or .log after the URL!
Full API docs: https://github.com/smogon/pokemon-showdown-client/blob/master/WEB-API.md -->
<script type="text/plain" class="log" id="replaylog-smogtours-gen3ou-798192">
|inactive|Battle timer is ON: inactive players will automatically lose when time's up.
|t:|1728840292
|gametype|singles
|player|p1|Lhions|pokemonranger-gen4|
|player|p2|Himurabt|1|
|teamsize|p1|6
|teamsize|p2|6
|gen|3
|tier|[Gen 3] OU
|rule|Sleep Clause Mod: Limit one foe put to sleep
|rule|Switch Priority Clause Mod: Faster Pokémon switch first
|rule|Species Clause: Limit one of each Pokémon
|rule|OHKO Clause: OHKO moves are banned
|rule|Evasion Items Clause: Evasion items are banned
|rule|Evasion Moves Clause: Evasion moves are banned
|rule|Endless Battle Clause: Forcing endless battles is banned
|rule|HP Percentage Mod: HP is shown in percentages
|rule|One Boost Passer Clause: Limit one Baton Passer that has a way to boost its stats
|rule|Freeze Clause Mod: Limit one foe frozen
|
|t:|1728840292
|start
|switch|p1a: So High|Salamence, M|100/100
|switch|p2a: Zapdos|Zapdos|100/100
|-ability|p1a: So High|Intimidate|boost
|-unboost|p2a: Zapdos|atk|1
|turn|1
|
|t:|1728840298
|move|p2a: Zapdos|Thunder Wave|p1a: So High
|-status|p1a: So High|par
|move|p1a: So High|Rock Slide|p2a: Zapdos
|-supereffective|p2a: Zapdos
|-damage|p2a: Zapdos|31/100
|
|-heal|p2a: Zapdos|38/100|[from] item: Leftovers
|upkeep
|turn|2
|
|t:|1728840308
|switch|p2a: Flygon|Flygon, M|100/100
|move|p1a: So High|Fire Blast|p2a: Flygon|[miss]
|-miss|p1a: So High|p2a: Flygon
|
|upkeep
|turn|3
|
|t:|1728840318
|switch|p1a: Time To Live|Suicune|100/100
|move|p2a: Flygon|Screech|p1a: Time To Live|[miss]
|-miss|p2a: Flygon|p1a: Time To Live
|
|upkeep
|turn|4
|
|t:|1728840326
|switch|p2a: Zapdos|Zapdos|38/100
|move|p1a: Time To Live|Calm Mind|p1a: Time To Live
|-boost|p1a: Time To Live|spa|1
|-boost|p1a: Time To Live|spd|1
|
|-heal|p2a: Zapdos|44/100|[from] item: Leftovers
|upkeep
|turn|5
|
|t:|1728840329
|move|p2a: Zapdos|Thunder Wave|p1a: Time To Live
|-status|p1a: Time To Live|par
|move|p1a: Time To Live|Surf|p2a: Zapdos
|-damage|p2a: Zapdos|0 fnt
|faint|p2a: Zapdos
|
|t:|1728840335
|switch|p2a: Scizor|Scizor, F|100/100
|
|upkeep
|turn|6
|
|t:|1728840339
|move|p2a: Scizor|Return|p1a: Time To Live
|-damage|p1a: Time To Live|57/100 par
|move|p1a: Time To Live|Surf|p2a: Scizor
|-damage|p2a: Scizor|2/100
|
|-heal|p1a: Time To Live|63/100 par|[from] item: Leftovers
|upkeep
|turn|7
|
|t:|1728840349
|switch|p2a: Gyarados|Gyarados, F|100/100
|-ability|p2a: Gyarados|Intimidate|boost
|-unboost|p1a: Time To Live|atk|1
|cant|p1a: Time To Live|par
|
|-heal|p1a: Time To Live|69/100 par|[from] item: Leftovers
|upkeep
|turn|8
|
|t:|1728840354
|move|p2a: Gyarados|Dragon Dance|p2a: Gyarados
|-boost|p2a: Gyarados|atk|1
|-boost|p2a: Gyarados|spe|1
|move|p1a: Time To Live|Hidden Power|p2a: Gyarados
|-supereffective|p2a: Gyarados
|-damage|p2a: Gyarados|0 fnt
|faint|p2a: Gyarados
|
|t:|1728840358
|switch|p2a: Scizor|Scizor, F|2/100
|
|-heal|p1a: Time To Live|75/100 par|[from] item: Leftovers
|upkeep
|turn|9
|
|t:|1728840373
|move|p2a: Scizor|Silver Wind|p1a: Time To Live
|-damage|p1a: Time To Live|19/100 par
|move|p1a: Time To Live|Surf|p2a: Scizor
|-damage|p2a: Scizor|0 fnt
|faint|p2a: Scizor
|
|t:|1728840379
|switch|p2a: Flygon|Flygon, M|100/100
|
|-heal|p1a: Time To Live|25/100 par|[from] item: Leftovers
|upkeep
|turn|10
|
|t:|1728840384
|move|p2a: Flygon|Rock Slide|p1a: Time To Live
|-crit|p1a: Time To Live
|-damage|p1a: Time To Live|0 fnt
|faint|p1a: Time To Live
|
|t:|1728840390
|switch|p1a: Fragile|Snorlax, M|100/100
|
|upkeep
|turn|11
|
|t:|1728840396
|move|p2a: Flygon|Screech|p1a: Fragile
|-unboost|p1a: Fragile|def|2
|move|p1a: Fragile|Return|p2a: Flygon
|-damage|p2a: Flygon|48/100
|
|-heal|p2a: Flygon|54/100|[from] item: Leftovers
|upkeep
|turn|12
|
|t:|1728840401
|switch|p1a: So High|Salamence, M|100/100 par
|-ability|p1a: So High|Intimidate|boost
|-unboost|p2a: Flygon|atk|1
|move|p2a: Flygon|Earthquake|p1a: So High
|-immune|p1a: So High
|
|-heal|p2a: Flygon|60/100|[from] item: Leftovers
|upkeep
|turn|13
|
|t:|1728840410
|switch|p2a: Starmie|Starmie|100/100
|move|p1a: So High|Rock Slide|p2a: Starmie
|-damage|p2a: Starmie|58/100
|
|-heal|p2a: Starmie|64/100|[from] item: Leftovers
|upkeep
|turn|14
|
|t:|1728840418
|switch|p1a: Fragile|Snorlax, M|100/100
|move|p2a: Starmie|Thunder Wave|p1a: Fragile
|-status|p1a: Fragile|par
|
|-heal|p2a: Starmie|70/100|[from] item: Leftovers
|upkeep
|turn|15
|
|t:|1728840426
|switch|p2a: Celebi|Celebi|100/100
|move|p1a: Fragile|Return|p2a: Celebi
|-damage|p2a: Celebi|48/100
|
|-heal|p2a: Celebi|54/100|[from] item: Leftovers
|upkeep
|turn|16
|
|t:|1728840431
|switch|p1a: Forget|Tyranitar, F|100/100
|-weather|Sandstorm|[from] ability: Sand Stream|[of] p1a: Forget
|move|p2a: Celebi|Calm Mind|p2a: Celebi
|-boost|p2a: Celebi|spa|1
|-boost|p2a: Celebi|spd|1
|
|-weather|Sandstorm|[upkeep]
|-damage|p2a: Celebi|48/100|[from] Sandstorm
|-heal|p2a: Celebi|54/100|[from] item: Leftovers
|upkeep
|turn|17
|
|t:|1728840440
|switch|p1a: Everything|Jirachi|100/100
|move|p2a: Celebi|Giga Drain|p1a: Everything
|-resisted|p1a: Everything
|-crit|p1a: Everything
|-damage|p1a: Everything|69/100
|-heal|p2a: Celebi|73/100|[from] drain|[of] p1a: Everything
|
|-weather|Sandstorm|[upkeep]
|-damage|p2a: Celebi|66/100|[from] Sandstorm
|-heal|p2a: Celebi|73/100|[from] item: Leftovers
|-heal|p1a: Everything|75/100|[from] item: Leftovers
|upkeep
|turn|18
|
|t:|1728840443
|move|p2a: Celebi|Hidden Power|p1a: Everything
|-supereffective|p1a: Everything
|-damage|p1a: Everything|21/100
|move|p1a: Everything|Calm Mind|p1a: Everything
|-boost|p1a: Everything|spa|1
|-boost|p1a: Everything|spd|1
|
|-weather|Sandstorm|[upkeep]
|-damage|p2a: Celebi|66/100|[from] Sandstorm
|-heal|p2a: Celebi|73/100|[from] item: Leftovers
|-heal|p1a: Everything|27/100|[from] item: Leftovers
|upkeep
|turn|19
|
|t:|1728840450
|move|p2a: Celebi|Hidden Power|p1a: Everything
|-supereffective|p1a: Everything
|-damage|p1a: Everything|0 fnt
|faint|p1a: Everything
|
|t:|1728840453
|switch|p1a: Fragile|Snorlax, M|100/100 par
|
|-weather|Sandstorm|[upkeep]
|-damage|p2a: Celebi|66/100|[from] Sandstorm
|-damage|p1a: Fragile|94/100 par|[from] Sandstorm
|-heal|p2a: Celebi|73/100|[from] item: Leftovers
|-heal|p1a: Fragile|100/100 par|[from] item: Leftovers
|upkeep
|turn|20
|
|t:|1728840469
|move|p2a: Celebi|Psychic|p1a: Fragile
|-damage|p1a: Fragile|63/100 par
|move|p1a: Fragile|Self-Destruct|p2a: Celebi
|-damage|p2a: Celebi|0 fnt
|faint|p1a: Fragile
|faint|p2a: Celebi
|
|t:|1728840477
|switch|p2a: Starmie|Starmie|70/100
|switch|p1a: No Sense|Claydol|100/100
|
|-weather|Sandstorm|[upkeep]
|-damage|p2a: Starmie|64/100|[from] Sandstorm
|-heal|p2a: Starmie|70/100|[from] item: Leftovers
|upkeep
|turn|21
|
|t:|1728840483
|switch|p1a: So High|Salamence, M|100/100 par
|-ability|p1a: So High|Intimidate|boost
|-unboost|p2a: Starmie|atk|1
|move|p2a: Starmie|Surf|p1a: So High
|-resisted|p1a: So High
|-damage|p1a: So High|76/100 par
|
|-weather|Sandstorm|[upkeep]
|-damage|p2a: Starmie|64/100|[from] Sandstorm
|-damage|p1a: So High|70/100 par|[from] Sandstorm
|-heal|p2a: Starmie|70/100|[from] item: Leftovers
|upkeep
|turn|22
|
|t:|1728840486
|move|p2a: Starmie|Ice Beam|p1a: So High
|-supereffective|p1a: So High
|-damage|p1a: So High|0 fnt
|faint|p1a: So High
|
|t:|1728840488
|switch|p1a: Forget|Tyranitar, F|100/100
|
|-weather|Sandstorm|[upkeep]
|-damage|p2a: Starmie|64/100|[from] Sandstorm
|-heal|p2a: Starmie|70/100|[from] item: Leftovers
|upkeep
|turn|23
|
|t:|1728840493
|move|p2a: Starmie|Surf|p1a: Forget
|-supereffective|p1a: Forget
|-damage|p1a: Forget|35/100
|move|p1a: Forget|Pursuit|p2a: Starmie
|-supereffective|p2a: Starmie
|-damage|p2a: Starmie|16/100
|
|-weather|Sandstorm|[upkeep]
|-damage|p2a: Starmie|10/100|[from] Sandstorm
|-heal|p2a: Starmie|16/100|[from] item: Leftovers
|-heal|p1a: Forget|41/100|[from] item: Leftovers
|upkeep
|turn|24
|
|t:|1728840497
|move|p2a: Starmie|Surf|p1a: Forget
|-supereffective|p1a: Forget
|-damage|p1a: Forget|0 fnt
|faint|p1a: Forget
|
|t:|1728840499
|switch|p1a: No Sense|Claydol|100/100
|
|-weather|Sandstorm|[upkeep]
|-damage|p2a: Starmie|10/100|[from] Sandstorm
|-heal|p2a: Starmie|16/100|[from] item: Leftovers
|upkeep
|turn|25
|
|t:|1728840504
|move|p2a: Starmie|Surf|p1a: No Sense
|-supereffective|p1a: No Sense
|-damage|p1a: No Sense|9/100
|move|p1a: No Sense|Earthquake|p2a: Starmie
|-damage|p2a: Starmie|0 fnt
|faint|p2a: Starmie
|
|t:|1728840508
|switch|p2a: Flygon|Flygon, M|60/100
|
|-weather|Sandstorm|[upkeep]
|-heal|p1a: No Sense|15/100|[from] item: Leftovers
|-heal|p2a: Flygon|66/100|[from] item: Leftovers
|upkeep
|turn|26
|
|t:|1728840514
|move|p1a: No Sense|Psychic|p2a: Flygon
|-damage|p2a: Flygon|43/100
|move|p2a: Flygon|Hidden Power|p1a: No Sense
|-supereffective|p1a: No Sense
|-damage|p1a: No Sense|0 fnt
|faint|p1a: No Sense
|
|win|Himurabt
|c|☆Lhions|gg
|c|☆Himurabt|gg

</script>
<script type="application/json" class="data" id="replaydata-smogtours-gen3ou-798192">
{"id":"smogtours-gen3ou-798192","format":"[Gen 3] OU","players":["Lhions","Himurabt"],"uploadtime":1728840514,"views":80,"formatid":"gen3ou","rating":null,"private":0,"password":null}
</script>

<script defer src="js/replays.js?9d40a366"></script>
