<!DOCTYPE html>
<meta charset="utf-8" />
<meta name="viewport" content="width=device-width" />

<title>[Gen 3] OU: MagsAndMiles vs. Shreddersam - Replays - Pok&eacute;mon Showdown!</title>

<meta name="description" content="Watch a replay of a Pok&eacute;mon battle between MagsAndMiles and Shreddersam! Format: [Gen 3] OU; Date: Oct 28, 2024" />
<!--

Hey, you! Looking in the source for the replay log?

You can find them in JSON format, just add `.json` at the end of a replay URL.

https://replay.pokemonshowdown.com/gen7randomdoublesbattle-865046831.json

Or, if you only need the log itself, add `.log` instead:

https://replay.pokemonshowdown.com/gen7randomdoublesbattle-865046831.log

-->

<link rel="stylesheet" href="//pokemonshowdown.com/style/global.css?0.023195364461161105" />
<link rel="stylesheet" href="//play.pokemonshowdown.com/style/font-awesome.css?0.13261647063804238" />
<link rel="stylesheet" href="//play.pokemonshowdown.com/style/battle.css?0.8753245789963631" />
<link rel="stylesheet" href="//play.pokemonshowdown.com/style/utilichart.css?0.8627959624976733" />

<!-- Global site tag (gtag.js) - Google Analytics -->
<script async src="https://www.googletagmanager.com/gtag/js?id=UA-26211653-1"></script>
<script>
  window.dataLayer = window.dataLayer || [];
  function gtag(){dataLayer.push(arguments);}
  gtag('js', new Date());

  gtag('config', 'UA-26211653-1');
</script>
<!-- End Google Analytics -->
<!-- Venatus Ad Manager - Install in <HEAD> of page -->
	<script src="https://hb.vntsm.com/v3/live/ad-manager.min.js" type="text/javascript" data-site-id="642aba63ec9a7b11c3c9c1be" data-mode="scan" async></script>
<!-- / Venatus Ad Manager -->

<style>
	@media (max-width:820px) {
		.battle {
			margin: 0 auto;
		}
		.battle-log {
			margin: 7px auto 0;
			max-width: 640px;
			height: 300px;
			position: static;
		}
	}
	.optgroup {
		display: inline-block;
		line-height: 22px;
		font-size: 10pt;
	}
	.optgroup .button {
		height: 25px;
		padding-top: 0;
		padding-bottom: 0;
	}
	.optgroup button.button {
		padding-left: 12px;
		padding-right: 12px;
	}
	.linklist {
		list-style: none;
		margin: 0.5em 0;
		padding: 0;
	}
	.linklist li {
		padding: 2px 0;
	}
	.sidebar {
		float: left;
		width: 320px;
	}
	.bar-wrapper {
		max-width: 1100px;
		margin: 0 auto;
	}
	.bar-wrapper.has-sidebar {
		max-width: 1430px;
	}
	.mainbar {
		margin: 0;
		padding-right: 1px;
	}
	.mainbar.has-sidebar {
		margin-left: 330px;
	}
	@media (min-width: 1511px) {
		.sidebar {
			width: 400px;
		}
		.bar-wrapper.has-sidebar {
			max-width: 1510px;
		}
		.mainbar.has-sidebar {
			margin-left: 410px;
		}
	}
	.section.first-section {
		margin-top: 9px;
	}
	.blocklink small {
		white-space: normal;
	}
	.button {
		vertical-align: middle;
	}
	.replay-controls {
		padding-top: 10px;
	}
	.replay-controls h1 {
		font-size: 16pt;
		font-weight: normal;
		color: #CCC;
	}
	.pagelink {
		text-align: center;
	}
	.pagelink a {
		width: 150px;
	}
	.textbox, .button {
		font-size: 11pt;
		vertical-align: middle;
	}
	@media (max-width: 450px) {
		.button {
			font-size: 9pt;
		}
	}
</style>

<div>

	<header>
		<div class="nav-wrapper"><ul class="nav">
			<li><a class="button nav-first" href="//pokemonshowdown.com/"><img src="//pokemonshowdown.com/images/pokemonshowdownbeta.png" srcset="//pokemonshowdown.com/images/pokemonshowdownbeta.png 1x, //pokemonshowdown.com/images/pokemonshowdownbeta@2x.png 2x" alt="Pok&eacute;mon Showdown" width="146" height="44" /> Home</a></li>
			<li><a class="button" href="//pokemonshowdown.com/dex/">Pok&eacute;dex</a></li>
			<li><a class="button cur" href="/">Replays</a></li>
			<li><a class="button" href="//pokemonshowdown.com/ladder/">Ladder</a></li>
			<li><a class="button nav-last" href="//pokemonshowdown.com/forums/">Forum</a></li>
			<li><a class="button greenbutton nav-first nav-last" href="//play.pokemonshowdown.com/">Play</a></li>
		</ul></div>
	</header>

	<div class="main" id="main">

		<noscript><section class="section">You need to enable JavaScript to use this page; sorry!</section></noscript>

	</div>

</div>

<script defer nomodule src="//play.pokemonshowdown.com/js/lib/ps-polyfill.js"></script>
<script defer src="//play.pokemonshowdown.com/js/lib/preact.min.js"></script>

<script defer src="//play.pokemonshowdown.com/config/config.js?2bddbc15"></script>
<script defer src="//play.pokemonshowdown.com/js/lib/jquery-1.11.0.min.js"></script>
<script defer src="//play.pokemonshowdown.com/js/lib/html-sanitizer-minified.js"></script>
<script defer src="//play.pokemonshowdown.com/js/battle-sound.js"></script>
<script defer src="//play.pokemonshowdown.com/js/battledata.js?0.7209276989879541"></script>
<script defer src="//play.pokemonshowdown.com/data/pokedex-mini.js?0.6111056340867951"></script>
<script defer src="//play.pokemonshowdown.com/data/pokedex-mini-bw.js?0.3532142036491459"></script>
<script defer src="//play.pokemonshowdown.com/data/graphics.js?0.24223875632456182"></script>
<script defer src="//play.pokemonshowdown.com/data/pokedex.js?0.38839984266356864"></script>
<script defer src="//play.pokemonshowdown.com/data/moves.js?0.21866028504024015"></script>
<script defer src="//play.pokemonshowdown.com/data/abilities.js?0.2005157953846628"></script>
<script defer src="//play.pokemonshowdown.com/data/items.js?0.9894211263848525"></script>
<script defer src="//play.pokemonshowdown.com/data/teambuilder-tables.js?0.6008791140282215"></script>
<script defer src="//play.pokemonshowdown.com/js/battle-tooltips.js?0.7580118955022959"></script>
<script defer src="//play.pokemonshowdown.com/js/battle.js?0.6057722274234274"></script>

<script defer src="js/utils.js?e31f9a17"></script>
<script defer src="js/replays-battle.js?7008c182"></script>

<!-- don't scrape this data! just add .json or .log after the URL!
Full API docs: https://github.com/smogon/pokemon-showdown-client/blob/master/WEB-API.md -->
<script type="text/plain" class="log" id="replaylog-smogtours-gen3ou-803004">
|inactive|Battle timer is ON: inactive players will automatically lose when time's up.
|t:|1730074656
|gametype|singles
|player|p1|MagsAndMiles|bruno|
|player|p2|Shreddersam|101|
|teamsize|p1|6
|teamsize|p2|6
|gen|3
|tier|[Gen 3] OU
|rule|Sleep Clause Mod: Limit one foe put to sleep
|rule|Switch Priority Clause Mod: Faster Pokémon switch first
|rule|Species Clause: Limit one of each Pokémon
|rule|OHKO Clause: OHKO moves are banned
|rule|Evasion Items Clause: Evasion items are banned
|rule|Evasion Moves Clause: Evasion moves are banned
|rule|Endless Battle Clause: Forcing endless battles is banned
|rule|HP Percentage Mod: HP is shown in percentages
|rule|One Boost Passer Clause: Limit one Baton Passer that has a way to boost its stats
|rule|Freeze Clause Mod: Limit one foe frozen
|
|t:|1730074656
|start
|switch|p1a: Zangoosa|Zangoose, M|100/100
|switch|p2a: Tyranitar|Tyranitar, F|100/100
|-weather|Sandstorm|[from] ability: Sand Stream|[of] p2a: Tyranitar
|turn|1
|
|t:|1730074674
|switch|p2a: Metagross|Metagross, shiny|100/100
|move|p1a: Zangoosa|Brick Break|p2a: Metagross
|-damage|p2a: Metagross|69/100
|
|-weather|Sandstorm|[upkeep]
|-damage|p1a: Zangoosa|95/100|[from] Sandstorm
|-heal|p2a: Metagross|75/100|[from] item: Leftovers
|upkeep
|turn|2
|inactive|Shreddersam has 270 seconds left.
|
|t:|1730074718
|switch|p1a: Migneton|Magneton|100/100
|move|p2a: Metagross|Psychic|p1a: Migneton
|-resisted|p1a: Migneton
|-damage|p1a: Migneton|65/100
|
|-weather|Sandstorm|[upkeep]
|-heal|p2a: Metagross|81/100|[from] item: Leftovers
|upkeep
|turn|3
|
|t:|1730074725
|move|p1a: Migneton|Thunderbolt|p2a: Metagross
|-damage|p2a: Metagross|30/100
|move|p2a: Metagross|Explosion|p1a: Migneton
|-resisted|p1a: Migneton
|-damage|p1a: Migneton|0 fnt
|faint|p2a: Metagross
|faint|p1a: Migneton
|inactive|Shreddersam has 270 seconds left.
|
|t:|1730074737
|switch|p1a: Snorlex|Snorlax, F|100/100
|switch|p2a: Salamence|Salamence, M|100/100
|-ability|p2a: Salamence|Intimidate|boost
|-unboost|p1a: Snorlex|atk|1
|
|-weather|Sandstorm|[upkeep]
|-damage|p2a: Salamence|94/100|[from] Sandstorm
|-damage|p1a: Snorlex|94/100|[from] Sandstorm
|-heal|p2a: Salamence|100/100|[from] item: Leftovers
|upkeep
|turn|4
|inactive|Shreddersam has 270 seconds left.
|
|t:|1730074748
|switch|p2a: Magneton|Magneton, shiny|100/100
|move|p1a: Snorlex|Self-Destruct|p2a: Magneton
|-resisted|p2a: Magneton
|-damage|p2a: Magneton|0 fnt
|faint|p1a: Snorlex
|faint|p2a: Magneton
|inactive|Shreddersam has 270 seconds left.
|
|t:|1730074769
|switch|p2a: Salamence|Salamence, M|100/100
|switch|p1a: Metogross|Metagross|100/100
|-ability|p2a: Salamence|Intimidate|boost
|-fail|p1a: Metogross|unboost|[from] ability: Clear Body|[of] p1a: Metogross
|
|-weather|Sandstorm|[upkeep]
|-damage|p2a: Salamence|94/100|[from] Sandstorm
|-heal|p2a: Salamence|100/100|[from] item: Leftovers
|upkeep
|turn|5
|
|t:|1730074778
|switch|p2a: Suicune|Suicune, shiny|100/100
|move|p1a: Metogross|Ice Punch|p2a: Suicune
|-resisted|p2a: Suicune
|-damage|p2a: Suicune|91/100
|
|-weather|Sandstorm|[upkeep]
|-damage|p2a: Suicune|85/100|[from] Sandstorm
|-heal|p2a: Suicune|91/100|[from] item: Leftovers
|upkeep
|turn|6
|inactive|Shreddersam has 270 seconds left.
|
|t:|1730074808
|switch|p2a: Tyranitar|Tyranitar, F|100/100
|switch|p1a: Zangoosa|Zangoose, M|95/100
|
|-weather|Sandstorm|[upkeep]
|-damage|p1a: Zangoosa|89/100|[from] Sandstorm
|upkeep
|turn|7
|
|t:|1730074817
|switch|p2a: Celebi|Celebi|100/100
|move|p1a: Zangoosa|Double-Edge|p2a: Celebi
|-damage|p2a: Celebi|20/100
|-damage|p1a: Zangoosa|51/100|[from] Recoil|[of] p2a: Celebi
|
|-weather|Sandstorm|[upkeep]
|-damage|p2a: Celebi|14/100|[from] Sandstorm
|-damage|p1a: Zangoosa|45/100|[from] Sandstorm
|-heal|p2a: Celebi|20/100|[from] item: Leftovers
|upkeep
|turn|8
|inactive|Shreddersam has 270 seconds left.
|
|t:|1730074823
|switch|p2a: Tyranitar|Tyranitar, F|100/100
|move|p1a: Zangoosa|Double-Edge|p2a: Tyranitar
|-resisted|p2a: Tyranitar
|-damage|p2a: Tyranitar|61/100
|-damage|p1a: Zangoosa|27/100|[from] Recoil|[of] p2a: Tyranitar
|
|-weather|Sandstorm|[upkeep]
|-damage|p1a: Zangoosa|21/100|[from] Sandstorm
|-heal|p2a: Tyranitar|67/100|[from] item: Leftovers
|upkeep
|turn|9
|
|t:|1730074828
|move|p1a: Zangoosa|Double-Edge|p2a: Tyranitar
|-resisted|p2a: Tyranitar
|-damage|p2a: Tyranitar|28/100
|-damage|p1a: Zangoosa|3/100|[from] Recoil|[of] p2a: Tyranitar
|move|p2a: Tyranitar|Dragon Dance|p2a: Tyranitar
|-boost|p2a: Tyranitar|atk|1
|-boost|p2a: Tyranitar|spe|1
|
|-weather|Sandstorm|[upkeep]
|-damage|p1a: Zangoosa|0 fnt|[from] Sandstorm
|faint|p1a: Zangoosa
|-heal|p2a: Tyranitar|34/100|[from] item: Leftovers
|upkeep
|inactive|MagsAndMiles has 270 seconds left.
|
|t:|1730074885
|switch|p1a: Metogross|Metagross|100/100
|turn|10
|
|t:|1730074888
|move|p2a: Tyranitar|Earthquake|p1a: Metogross
|-supereffective|p1a: Metogross
|-damage|p1a: Metogross|22/100
|move|p1a: Metogross|Explosion|p2a: Tyranitar
|-resisted|p2a: Tyranitar
|-damage|p2a: Tyranitar|0 fnt
|faint|p1a: Metogross
|faint|p2a: Tyranitar
|
|t:|1730074896
|switch|p2a: Salamence|Salamence, M|100/100
|switch|p1a: Taorus|Tauros, M|100/100
|-ability|p1a: Taorus|Intimidate|boost
|-unboost|p2a: Salamence|atk|1
|-ability|p2a: Salamence|Intimidate|boost
|-unboost|p1a: Taorus|atk|1
|
|-weather|Sandstorm|[upkeep]
|-damage|p1a: Taorus|94/100|[from] Sandstorm
|-damage|p2a: Salamence|94/100|[from] Sandstorm
|-heal|p2a: Salamence|100/100|[from] item: Leftovers
|upkeep
|turn|11
|inactive|MagsAndMiles has 270 seconds left.
|
|t:|1730074905
|switch|p2a: Celebi|Celebi|20/100
|move|p1a: Taorus|Return|p2a: Celebi
|-damage|p2a: Celebi|0 fnt
|faint|p2a: Celebi
|
|t:|1730074909
|switch|p2a: Salamence|Salamence, M|100/100
|-ability|p2a: Salamence|Intimidate|boost
|-unboost|p1a: Taorus|atk|1
|
|-weather|Sandstorm|[upkeep]
|-damage|p1a: Taorus|88/100|[from] Sandstorm
|-damage|p2a: Salamence|94/100|[from] Sandstorm
|-heal|p2a: Salamence|100/100|[from] item: Leftovers
|upkeep
|turn|12
|
|t:|1730074918
|switch|p1a: Didrio|Dodrio, F|100/100
|move|p2a: Salamence|Dragon Dance|p2a: Salamence
|-boost|p2a: Salamence|atk|1
|-boost|p2a: Salamence|spe|1
|
|-weather|Sandstorm|[upkeep]
|-damage|p2a: Salamence|94/100|[from] Sandstorm
|-damage|p1a: Didrio|94/100|[from] Sandstorm
|-heal|p2a: Salamence|100/100|[from] item: Leftovers
|upkeep
|turn|13
|
|t:|1730074923
|move|p2a: Salamence|Hidden Power|p1a: Didrio
|-damage|p1a: Didrio|0 fnt
|faint|p1a: Didrio
|
|t:|1730074925
|switch|p1a: Taorus|Tauros, M|88/100
|-ability|p1a: Taorus|Intimidate|boost
|-unboost|p2a: Salamence|atk|1
|
|-weather|Sandstorm|[upkeep]
|-damage|p2a: Salamence|94/100|[from] Sandstorm
|-damage|p1a: Taorus|82/100|[from] Sandstorm
|-heal|p2a: Salamence|100/100|[from] item: Leftovers
|upkeep
|turn|14
|
|t:|1730074928
|move|p2a: Salamence|Hidden Power|p1a: Taorus
|-damage|p1a: Taorus|32/100
|move|p1a: Taorus|Return|p2a: Salamence
|-damage|p2a: Salamence|5/100
|
|-weather|Sandstorm|[upkeep]
|-damage|p2a: Salamence|0 fnt|[from] Sandstorm
|-damage|p1a: Taorus|26/100|[from] Sandstorm
|faint|p2a: Salamence
|upkeep
|
|t:|1730074935
|switch|p2a: Suicune|Suicune, shiny|91/100
|turn|15
|
|t:|1730074944
|move|p1a: Taorus|Return|p2a: Suicune
|-damage|p2a: Suicune|27/100
|move|p2a: Suicune|Hydro Pump|p1a: Taorus|[miss]
|-miss|p2a: Suicune|p1a: Taorus
|
|-weather|Sandstorm|[upkeep]
|-damage|p1a: Taorus|20/100|[from] Sandstorm
|-damage|p2a: Suicune|21/100|[from] Sandstorm
|-heal|p2a: Suicune|27/100|[from] item: Leftovers
|upkeep
|turn|16
|
|t:|1730074948
|move|p1a: Taorus|Return|p2a: Suicune
|-damage|p2a: Suicune|0 fnt
|faint|p2a: Suicune
|
|win|MagsAndMiles
|player|p2|
|c|☆MagsAndMiles|Jeez dude
|c|☆MagsAndMiles|im sorry
|c|☆MagsAndMiles|thiught it was game
|c|☆MagsAndMiles|Good games :) you played well. Should have won. I’ll post the replays

</script>
<script type="application/json" class="data" id="replaydata-smogtours-gen3ou-803004">
{"id":"smogtours-gen3ou-803004","format":"[Gen 3] OU","players":["MagsAndMiles","Shreddersam"],"uploadtime":1730074948,"views":79,"formatid":"gen3ou","rating":null,"private":0,"password":null}
</script>

<script defer src="js/replays.js?9d40a366"></script>
