<!DOCTYPE html>
<meta charset="utf-8" />
<meta name="viewport" content="width=device-width" />

<title>[Gen 3] OU: Sificon~ vs. stypur - Replays - Pok&eacute;mon Showdown!</title>

<meta name="description" content="Watch a replay of a Pok&eacute;mon battle between Sificon~ and stypur! Format: [Gen 3] OU; Date: Oct 16, 2024" />
<!--

Hey, you! Looking in the source for the replay log?

You can find them in JSON format, just add `.json` at the end of a replay URL.

https://replay.pokemonshowdown.com/gen7randomdoublesbattle-865046831.json

Or, if you only need the log itself, add `.log` instead:

https://replay.pokemonshowdown.com/gen7randomdoublesbattle-865046831.log

-->

<link rel="stylesheet" href="//pokemonshowdown.com/style/global.css?0.767286132409787" />
<link rel="stylesheet" href="//play.pokemonshowdown.com/style/font-awesome.css?0.9266228007934947" />
<link rel="stylesheet" href="//play.pokemonshowdown.com/style/battle.css?0.7924700842790926" />
<link rel="stylesheet" href="//play.pokemonshowdown.com/style/utilichart.css?0.8777417872839479" />

<!-- Global site tag (gtag.js) - Google Analytics -->
<script async src="https://www.googletagmanager.com/gtag/js?id=UA-26211653-1"></script>
<script>
  window.dataLayer = window.dataLayer || [];
  function gtag(){dataLayer.push(arguments);}
  gtag('js', new Date());

  gtag('config', 'UA-26211653-1');
</script>
<!-- End Google Analytics -->
<!-- Venatus Ad Manager - Install in <HEAD> of page -->
	<script src="https://hb.vntsm.com/v3/live/ad-manager.min.js" type="text/javascript" data-site-id="642aba63ec9a7b11c3c9c1be" data-mode="scan" async></script>
<!-- / Venatus Ad Manager -->

<style>
	@media (max-width:820px) {
		.battle {
			margin: 0 auto;
		}
		.battle-log {
			margin: 7px auto 0;
			max-width: 640px;
			height: 300px;
			position: static;
		}
	}
	.optgroup {
		display: inline-block;
		line-height: 22px;
		font-size: 10pt;
	}
	.optgroup .button {
		height: 25px;
		padding-top: 0;
		padding-bottom: 0;
	}
	.optgroup button.button {
		padding-left: 12px;
		padding-right: 12px;
	}
	.linklist {
		list-style: none;
		margin: 0.5em 0;
		padding: 0;
	}
	.linklist li {
		padding: 2px 0;
	}
	.sidebar {
		float: left;
		width: 320px;
	}
	.bar-wrapper {
		max-width: 1100px;
		margin: 0 auto;
	}
	.bar-wrapper.has-sidebar {
		max-width: 1430px;
	}
	.mainbar {
		margin: 0;
		padding-right: 1px;
	}
	.mainbar.has-sidebar {
		margin-left: 330px;
	}
	@media (min-width: 1511px) {
		.sidebar {
			width: 400px;
		}
		.bar-wrapper.has-sidebar {
			max-width: 1510px;
		}
		.mainbar.has-sidebar {
			margin-left: 410px;
		}
	}
	.section.first-section {
		margin-top: 9px;
	}
	.blocklink small {
		white-space: normal;
	}
	.button {
		vertical-align: middle;
	}
	.replay-controls {
		padding-top: 10px;
	}
	.replay-controls h1 {
		font-size: 16pt;
		font-weight: normal;
		color: #CCC;
	}
	.pagelink {
		text-align: center;
	}
	.pagelink a {
		width: 150px;
	}
	.textbox, .button {
		font-size: 11pt;
		vertical-align: middle;
	}
	@media (max-width: 450px) {
		.button {
			font-size: 9pt;
		}
	}
</style>

<div>

	<header>
		<div class="nav-wrapper"><ul class="nav">
			<li><a class="button nav-first" href="//pokemonshowdown.com/"><img src="//pokemonshowdown.com/images/pokemonshowdownbeta.png" srcset="//pokemonshowdown.com/images/pokemonshowdownbeta.png 1x, //pokemonshowdown.com/images/pokemonshowdownbeta@2x.png 2x" alt="Pok&eacute;mon Showdown" width="146" height="44" /> Home</a></li>
			<li><a class="button" href="//pokemonshowdown.com/dex/">Pok&eacute;dex</a></li>
			<li><a class="button cur" href="/">Replays</a></li>
			<li><a class="button" href="//pokemonshowdown.com/ladder/">Ladder</a></li>
			<li><a class="button nav-last" href="//pokemonshowdown.com/forums/">Forum</a></li>
			<li><a class="button greenbutton nav-first nav-last" href="//play.pokemonshowdown.com/">Play</a></li>
		</ul></div>
	</header>

	<div class="main" id="main">

		<noscript><section class="section">You need to enable JavaScript to use this page; sorry!</section></noscript>

	</div>

</div>

<script defer nomodule src="//play.pokemonshowdown.com/js/lib/ps-polyfill.js"></script>
<script defer src="//play.pokemonshowdown.com/js/lib/preact.min.js"></script>

<script defer src="//play.pokemonshowdown.com/config/config.js?6dec07f6"></script>
<script defer src="//play.pokemonshowdown.com/js/lib/jquery-1.11.0.min.js"></script>
<script defer src="//play.pokemonshowdown.com/js/lib/html-sanitizer-minified.js"></script>
<script defer src="//play.pokemonshowdown.com/js/battle-sound.js"></script>
<script defer src="//play.pokemonshowdown.com/js/battledata.js?0.6315294753075389"></script>
<script defer src="//play.pokemonshowdown.com/data/pokedex-mini.js?0.7603743185311358"></script>
<script defer src="//play.pokemonshowdown.com/data/pokedex-mini-bw.js?0.030888842834281283"></script>
<script defer src="//play.pokemonshowdown.com/data/graphics.js?0.05593094747507488"></script>
<script defer src="//play.pokemonshowdown.com/data/pokedex.js?0.47064822249611904"></script>
<script defer src="//play.pokemonshowdown.com/data/moves.js?0.8583693120512459"></script>
<script defer src="//play.pokemonshowdown.com/data/abilities.js?0.16017181182386842"></script>
<script defer src="//play.pokemonshowdown.com/data/items.js?0.4163379185673943"></script>
<script defer src="//play.pokemonshowdown.com/data/teambuilder-tables.js?0.31075597372830477"></script>
<script defer src="//play.pokemonshowdown.com/js/battle-tooltips.js?0.6536193500708172"></script>
<script defer src="//play.pokemonshowdown.com/js/battle.js?0.1916591943277901"></script>

<script defer src="js/utils.js?e31f9a17"></script>
<script defer src="js/replays-battle.js?7008c182"></script>

<!-- don't scrape this data! just add .json or .log after the URL!
Full API docs: https://github.com/smogon/pokemon-showdown-client/blob/master/WEB-API.md -->
<script type="text/plain" class="log" id="replaylog-smogtours-gen3ou-799115">
|inactive|Battle timer is ON: inactive players will automatically lose when time's up.
|t:|1729097585
|gametype|singles
|player|p1|Sificon~|#sificon|
|player|p2|stypur|swimmerf|
|teamsize|p1|6
|teamsize|p2|6
|gen|3
|tier|[Gen 3] OU
|rule|Sleep Clause Mod: Limit one foe put to sleep
|rule|Switch Priority Clause Mod: Faster Pokémon switch first
|rule|Species Clause: Limit one of each Pokémon
|rule|OHKO Clause: OHKO moves are banned
|rule|Evasion Items Clause: Evasion items are banned
|rule|Evasion Moves Clause: Evasion moves are banned
|rule|Endless Battle Clause: Forcing endless battles is banned
|rule|HP Percentage Mod: HP is shown in percentages
|rule|One Boost Passer Clause: Limit one Baton Passer that has a way to boost its stats
|rule|Freeze Clause Mod: Limit one foe frozen
|
|t:|1729097585
|start
|switch|p1a: Metagross|Metagross|100/100
|switch|p2a: Regirock|Regirock|100/100
|turn|1
|c|☆Sificon~|hf
|c|☆stypur|u2
|
|t:|1729097608
|switch|p2a: Magneton|Magneton|100/100
|move|p1a: Metagross|Meteor Mash|p2a: Magneton|[miss]
|-miss|p1a: Metagross|p2a: Magneton
|
|upkeep
|turn|2
|inactive|Sificon~ has 270 seconds left.
|
|t:|1729097656
|move|p2a: Magneton|Thunderbolt|p1a: Metagross
|-damage|p1a: Metagross|31/100
|move|p1a: Metagross|Meteor Mash|p2a: Magneton
|-resisted|p2a: Magneton
|-damage|p2a: Magneton|66/100
|
|upkeep
|turn|3
|
|t:|1729097660
|move|p2a: Magneton|Thunderbolt|p1a: Metagross
|-damage|p1a: Metagross|0 fnt
|faint|p1a: Metagross
|
|t:|1729097672
|switch|p1a: Swampert|Swampert, M|100/100
|
|upkeep
|turn|4
|
|t:|1729097680
|switch|p2a: Suicune|Suicune|100/100
|switch|p1a: Aerodactyl|Aerodactyl, F|100/100
|
|upkeep
|turn|5
|inactive|Sificon~ has 270 seconds left.
|
|t:|1729097690
|switch|p1a: Gengar|Gengar, M|100/100
|move|p2a: Suicune|Surf|p1a: Gengar
|-damage|p1a: Gengar|39/100
|
|-heal|p1a: Gengar|45/100|[from] item: Leftovers
|upkeep
|turn|6
|
|t:|1729097707
|switch|p2a: Regirock|Regirock|100/100
|move|p1a: Gengar|Giga Drain|p2a: Regirock
|-supereffective|p2a: Regirock
|-crit|p2a: Regirock
|-damage|p2a: Regirock|14/100
|-heal|p1a: Gengar|99/100|[from] drain|[of] p2a: Regirock
|
|-heal|p1a: Gengar|100/100|[from] item: Leftovers
|-heal|p2a: Regirock|20/100|[from] item: Leftovers
|upkeep
|turn|7
|
|t:|1729097716
|switch|p2a: Magneton|Magneton|66/100
|move|p1a: Gengar|Ice Punch|p2a: Magneton
|-resisted|p2a: Magneton
|-damage|p2a: Magneton|42/100
|-status|p2a: Magneton|frz
|
|upkeep
|turn|8
|c|☆Sificon~|ah mb
|
|t:|1729097725
|move|p1a: Gengar|Ice Punch|p2a: Magneton
|-resisted|p2a: Magneton
|-damage|p2a: Magneton|20/100 frz
|-curestatus|p2a: Magneton|frz|[msg]
|move|p2a: Magneton|Thunderbolt|p1a: Gengar
|-damage|p1a: Gengar|11/100
|
|-heal|p1a: Gengar|17/100|[from] item: Leftovers
|upkeep
|turn|9
|
|t:|1729097728
|move|p1a: Gengar|Ice Punch|p2a: Magneton
|-resisted|p2a: Magneton
|-damage|p2a: Magneton|0 fnt
|faint|p2a: Magneton
|
|t:|1729097739
|switch|p2a: Snorlax|Snorlax, M|100/100
|
|-heal|p1a: Gengar|23/100|[from] item: Leftovers
|upkeep
|turn|10
|
|t:|1729097751
|switch|p1a: Claydol|Claydol|100/100
|move|p2a: Snorlax|Shadow Ball|p1a: Claydol
|-supereffective|p1a: Claydol
|-crit|p1a: Claydol
|-damage|p1a: Claydol|0 fnt
|faint|p1a: Claydol
|
|t:|1729097756
|switch|p1a: Tyranitar|Tyranitar, M|100/100
|-weather|Sandstorm|[from] ability: Sand Stream|[of] p1a: Tyranitar
|
|-weather|Sandstorm|[upkeep]
|-damage|p2a: Snorlax|94/100|[from] Sandstorm
|-heal|p2a: Snorlax|100/100|[from] item: Leftovers
|upkeep
|turn|11
|
|t:|1729097775
|move|p1a: Tyranitar|Rock Slide|p2a: Snorlax
|-damage|p2a: Snorlax|41/100
|move|p2a: Snorlax|Curse|p2a: Snorlax
|-unboost|p2a: Snorlax|spe|1
|-boost|p2a: Snorlax|atk|1
|-boost|p2a: Snorlax|def|1
|
|-weather|Sandstorm|[upkeep]
|-damage|p2a: Snorlax|35/100|[from] Sandstorm
|-heal|p2a: Snorlax|41/100|[from] item: Leftovers
|upkeep
|turn|12
|inactive|stypur has 270 seconds left.
|
|t:|1729097822
|move|p1a: Tyranitar|Rock Slide|p2a: Snorlax
|-damage|p2a: Snorlax|0 fnt
|faint|p2a: Snorlax
|
|t:|1729097827
|switch|p2a: Metagross|Metagross|100/100
|
|-weather|Sandstorm|[upkeep]
|upkeep
|turn|13
|
|t:|1729097837
|switch|p1a: Swampert|Swampert, M|100/100
|move|p2a: Metagross|Meteor Mash|p1a: Swampert|[miss]
|-miss|p2a: Metagross|p1a: Swampert
|
|-weather|Sandstorm|[upkeep]
|upkeep
|turn|14
|
|t:|1729097842
|switch|p2a: Suicune|Suicune|100/100
|move|p1a: Swampert|Earthquake|p2a: Suicune
|-damage|p2a: Suicune|71/100
|
|-weather|Sandstorm|[upkeep]
|-damage|p2a: Suicune|65/100|[from] Sandstorm
|-heal|p2a: Suicune|71/100|[from] item: Leftovers
|upkeep
|turn|15
|
|t:|1729097852
|switch|p1a: Tyranitar|Tyranitar, M|100/100
|move|p2a: Suicune|Surf|p1a: Tyranitar
|-supereffective|p1a: Tyranitar
|-damage|p1a: Tyranitar|31/100
|
|-weather|Sandstorm|[upkeep]
|-damage|p2a: Suicune|65/100|[from] Sandstorm
|-heal|p2a: Suicune|71/100|[from] item: Leftovers
|upkeep
|turn|16
|
|t:|1729097858
|move|p2a: Suicune|Surf|p1a: Tyranitar
|-supereffective|p1a: Tyranitar
|-damage|p1a: Tyranitar|0 fnt
|faint|p1a: Tyranitar
|
|t:|1729097860
|switch|p1a: Gengar|Gengar, M|23/100
|
|-weather|Sandstorm|[upkeep]
|-damage|p1a: Gengar|17/100|[from] Sandstorm
|-damage|p2a: Suicune|65/100|[from] Sandstorm
|-heal|p1a: Gengar|23/100|[from] item: Leftovers
|-heal|p2a: Suicune|71/100|[from] item: Leftovers
|upkeep
|turn|17
|
|t:|1729097874
|switch|p2a: Regirock|Regirock|20/100
|move|p1a: Gengar|Thunderbolt|p2a: Regirock
|-crit|p2a: Regirock
|-damage|p2a: Regirock|0 fnt
|faint|p2a: Regirock
|
|t:|1729097878
|switch|p2a: Metagross|Metagross|100/100
|
|-weather|Sandstorm|[upkeep]
|-damage|p1a: Gengar|17/100|[from] Sandstorm
|-heal|p1a: Gengar|23/100|[from] item: Leftovers
|upkeep
|turn|18
|
|t:|1729097892
|switch|p1a: Swampert|Swampert, M|100/100
|move|p2a: Metagross|Meteor Mash|p1a: Swampert
|-resisted|p1a: Swampert
|-damage|p1a: Swampert|72/100
|
|-weather|Sandstorm|[upkeep]
|-heal|p1a: Swampert|79/100|[from] item: Leftovers
|upkeep
|turn|19
|
|t:|1729097902
|move|p2a: Metagross|Explosion|p1a: Swampert
|-damage|p1a: Swampert|0 fnt
|faint|p2a: Metagross
|faint|p1a: Swampert
|
|t:|1729097908
|switch|p2a: Suicune|Suicune|71/100
|switch|p1a: Aerodactyl|Aerodactyl, F|100/100
|
|-weather|Sandstorm|[upkeep]
|-damage|p2a: Suicune|65/100|[from] Sandstorm
|-heal|p2a: Suicune|71/100|[from] item: Leftovers
|upkeep
|turn|20
|inactive|stypur has 270 seconds left.
|
|t:|1729097958
|move|p1a: Aerodactyl|Rock Slide|p2a: Suicune
|-damage|p2a: Suicune|32/100
|move|p2a: Suicune|Calm Mind|p2a: Suicune
|-boost|p2a: Suicune|spa|1
|-boost|p2a: Suicune|spd|1
|
|-weather|Sandstorm|[upkeep]
|-damage|p2a: Suicune|26/100|[from] Sandstorm
|-heal|p2a: Suicune|32/100|[from] item: Leftovers
|upkeep
|turn|21
|
|t:|1729097975
|move|p1a: Aerodactyl|Rock Slide|p2a: Suicune
|-damage|p2a: Suicune|0 fnt
|faint|p2a: Suicune
|
|t:|1729097977
|switch|p2a: Salamence|Salamence, M|100/100
|-ability|p2a: Salamence|Intimidate|boost
|-unboost|p1a: Aerodactyl|atk|1
|
|-weather|Sandstorm|[upkeep]
|-damage|p2a: Salamence|94/100|[from] Sandstorm
|-heal|p2a: Salamence|100/100|[from] item: Leftovers
|upkeep
|turn|22
|
|t:|1729097981
|move|p1a: Aerodactyl|Rock Slide|p2a: Salamence
|-supereffective|p2a: Salamence
|-damage|p2a: Salamence|29/100
|move|p2a: Salamence|Dragon Dance|p2a: Salamence
|-boost|p2a: Salamence|atk|1
|-boost|p2a: Salamence|spe|1
|
|-weather|Sandstorm|[upkeep]
|-damage|p2a: Salamence|23/100|[from] Sandstorm
|-heal|p2a: Salamence|29/100|[from] item: Leftovers
|upkeep
|turn|23
|
|t:|1729097991
|switch|p1a: Gengar|Gengar, M|23/100
|move|p2a: Salamence|Rock Slide|p1a: Gengar
|-damage|p1a: Gengar|0 fnt
|faint|p1a: Gengar
|
|t:|1729097993
|switch|p1a: Aerodactyl|Aerodactyl, F|100/100
|
|-weather|Sandstorm|[upkeep]
|-damage|p2a: Salamence|23/100|[from] Sandstorm
|-heal|p2a: Salamence|29/100|[from] item: Leftovers
|upkeep
|turn|24
|
|t:|1729097995
|move|p2a: Salamence|Rock Slide|p1a: Aerodactyl
|-supereffective|p1a: Aerodactyl
|-damage|p1a: Aerodactyl|0 fnt
|faint|p1a: Aerodactyl
|
|win|stypur
|c|☆Sificon~|gg
|c|☆stypur|gg
|player|p1|

</script>
<script type="application/json" class="data" id="replaydata-smogtours-gen3ou-799115">
{"id":"smogtours-gen3ou-799115","format":"[Gen 3] OU","players":["Sificon~","stypur"],"uploadtime":1729097995,"views":86,"formatid":"gen3ou","rating":null,"private":0,"password":null}
</script>

<script defer src="js/replays.js?9d40a366"></script>
