<!DOCTYPE html>
<meta charset="utf-8" />
<meta name="viewport" content="width=device-width" />

<title>[Gen 3] OU: qsns vs. PinjarraPanther - Replays - Pok&eacute;mon Showdown!</title>

<meta name="description" content="Watch a replay of a Pok&eacute;mon battle between qsns and PinjarraPanther! Format: [Gen 3] OU; Date: Oct 13, 2024" />
<!--

Hey, you! Looking in the source for the replay log?

You can find them in JSON format, just add `.json` at the end of a replay URL.

https://replay.pokemonshowdown.com/gen7randomdoublesbattle-865046831.json

Or, if you only need the log itself, add `.log` instead:

https://replay.pokemonshowdown.com/gen7randomdoublesbattle-865046831.log

-->

<link rel="stylesheet" href="//pokemonshowdown.com/style/global.css?0.767286132409787" />
<link rel="stylesheet" href="//play.pokemonshowdown.com/style/font-awesome.css?0.9266228007934947" />
<link rel="stylesheet" href="//play.pokemonshowdown.com/style/battle.css?0.7924700842790926" />
<link rel="stylesheet" href="//play.pokemonshowdown.com/style/utilichart.css?0.8777417872839479" />

<!-- Global site tag (gtag.js) - Google Analytics -->
<script async src="https://www.googletagmanager.com/gtag/js?id=UA-26211653-1"></script>
<script>
  window.dataLayer = window.dataLayer || [];
  function gtag(){dataLayer.push(arguments);}
  gtag('js', new Date());

  gtag('config', 'UA-26211653-1');
</script>
<!-- End Google Analytics -->
<!-- Venatus Ad Manager - Install in <HEAD> of page -->
	<script src="https://hb.vntsm.com/v3/live/ad-manager.min.js" type="text/javascript" data-site-id="642aba63ec9a7b11c3c9c1be" data-mode="scan" async></script>
<!-- / Venatus Ad Manager -->

<style>
	@media (max-width:820px) {
		.battle {
			margin: 0 auto;
		}
		.battle-log {
			margin: 7px auto 0;
			max-width: 640px;
			height: 300px;
			position: static;
		}
	}
	.optgroup {
		display: inline-block;
		line-height: 22px;
		font-size: 10pt;
	}
	.optgroup .button {
		height: 25px;
		padding-top: 0;
		padding-bottom: 0;
	}
	.optgroup button.button {
		padding-left: 12px;
		padding-right: 12px;
	}
	.linklist {
		list-style: none;
		margin: 0.5em 0;
		padding: 0;
	}
	.linklist li {
		padding: 2px 0;
	}
	.sidebar {
		float: left;
		width: 320px;
	}
	.bar-wrapper {
		max-width: 1100px;
		margin: 0 auto;
	}
	.bar-wrapper.has-sidebar {
		max-width: 1430px;
	}
	.mainbar {
		margin: 0;
		padding-right: 1px;
	}
	.mainbar.has-sidebar {
		margin-left: 330px;
	}
	@media (min-width: 1511px) {
		.sidebar {
			width: 400px;
		}
		.bar-wrapper.has-sidebar {
			max-width: 1510px;
		}
		.mainbar.has-sidebar {
			margin-left: 410px;
		}
	}
	.section.first-section {
		margin-top: 9px;
	}
	.blocklink small {
		white-space: normal;
	}
	.button {
		vertical-align: middle;
	}
	.replay-controls {
		padding-top: 10px;
	}
	.replay-controls h1 {
		font-size: 16pt;
		font-weight: normal;
		color: #CCC;
	}
	.pagelink {
		text-align: center;
	}
	.pagelink a {
		width: 150px;
	}
	.textbox, .button {
		font-size: 11pt;
		vertical-align: middle;
	}
	@media (max-width: 450px) {
		.button {
			font-size: 9pt;
		}
	}
</style>

<div>

	<header>
		<div class="nav-wrapper"><ul class="nav">
			<li><a class="button nav-first" href="//pokemonshowdown.com/"><img src="//pokemonshowdown.com/images/pokemonshowdownbeta.png" srcset="//pokemonshowdown.com/images/pokemonshowdownbeta.png 1x, //pokemonshowdown.com/images/pokemonshowdownbeta@2x.png 2x" alt="Pok&eacute;mon Showdown" width="146" height="44" /> Home</a></li>
			<li><a class="button" href="//pokemonshowdown.com/dex/">Pok&eacute;dex</a></li>
			<li><a class="button cur" href="/">Replays</a></li>
			<li><a class="button" href="//pokemonshowdown.com/ladder/">Ladder</a></li>
			<li><a class="button nav-last" href="//pokemonshowdown.com/forums/">Forum</a></li>
			<li><a class="button greenbutton nav-first nav-last" href="//play.pokemonshowdown.com/">Play</a></li>
		</ul></div>
	</header>

	<div class="main" id="main">

		<noscript><section class="section">You need to enable JavaScript to use this page; sorry!</section></noscript>

	</div>

</div>

<script defer nomodule src="//play.pokemonshowdown.com/js/lib/ps-polyfill.js"></script>
<script defer src="//play.pokemonshowdown.com/js/lib/preact.min.js"></script>

<script defer src="//play.pokemonshowdown.com/config/config.js?6dec07f6"></script>
<script defer src="//play.pokemonshowdown.com/js/lib/jquery-1.11.0.min.js"></script>
<script defer src="//play.pokemonshowdown.com/js/lib/html-sanitizer-minified.js"></script>
<script defer src="//play.pokemonshowdown.com/js/battle-sound.js"></script>
<script defer src="//play.pokemonshowdown.com/js/battledata.js?0.6315294753075389"></script>
<script defer src="//play.pokemonshowdown.com/data/pokedex-mini.js?0.7603743185311358"></script>
<script defer src="//play.pokemonshowdown.com/data/pokedex-mini-bw.js?0.030888842834281283"></script>
<script defer src="//play.pokemonshowdown.com/data/graphics.js?0.05593094747507488"></script>
<script defer src="//play.pokemonshowdown.com/data/pokedex.js?0.47064822249611904"></script>
<script defer src="//play.pokemonshowdown.com/data/moves.js?0.8583693120512459"></script>
<script defer src="//play.pokemonshowdown.com/data/abilities.js?0.16017181182386842"></script>
<script defer src="//play.pokemonshowdown.com/data/items.js?0.4163379185673943"></script>
<script defer src="//play.pokemonshowdown.com/data/teambuilder-tables.js?0.31075597372830477"></script>
<script defer src="//play.pokemonshowdown.com/js/battle-tooltips.js?0.6536193500708172"></script>
<script defer src="//play.pokemonshowdown.com/js/battle.js?0.1916591943277901"></script>

<script defer src="js/utils.js?e31f9a17"></script>
<script defer src="js/replays-battle.js?7008c182"></script>

<!-- don't scrape this data! just add .json or .log after the URL!
Full API docs: https://github.com/smogon/pokemon-showdown-client/blob/master/WEB-API.md -->
<script type="text/plain" class="log" id="replaylog-smogtours-gen3ou-797949">
|inactive|Battle timer is ON: inactive players will automatically lose when time's up.
|t:|1728790469
|gametype|singles
|player|p1|qsns|#scl4islanders2|
|player|p2|PinjarraPanther|170|
|teamsize|p1|6
|teamsize|p2|6
|gen|3
|tier|[Gen 3] OU
|rule|Sleep Clause Mod: Limit one foe put to sleep
|rule|Switch Priority Clause Mod: Faster Pokémon switch first
|rule|Species Clause: Limit one of each Pokémon
|rule|OHKO Clause: OHKO moves are banned
|rule|Evasion Items Clause: Evasion items are banned
|rule|Evasion Moves Clause: Evasion moves are banned
|rule|Endless Battle Clause: Forcing endless battles is banned
|rule|HP Percentage Mod: HP is shown in percentages
|rule|One Boost Passer Clause: Limit one Baton Passer that has a way to boost its stats
|rule|Freeze Clause Mod: Limit one foe frozen
|
|t:|1728790469
|start
|switch|p1a: Zapdos|Zapdos|100/100
|switch|p2a: Say it|Tyranitar, F|100/100
|-weather|Sandstorm|[from] ability: Sand Stream|[of] p2a: Say it
|turn|1
|c|☆qsns|hf
|c|☆PinjarraPanther|you too
|
|t:|1728790495
|move|p1a: Zapdos|Baton Pass|p1a: Zapdos
|
|t:|1728790502
|switch|p1a: Breloom|Breloom, M|100/100|[from] Baton Pass
|move|p2a: Say it|Rock Slide|p1a: Breloom
|-resisted|p1a: Breloom
|-damage|p1a: Breloom|65/100
|
|-weather|Sandstorm|[upkeep]
|-damage|p1a: Breloom|59/100|[from] Sandstorm
|-heal|p1a: Breloom|65/100|[from] item: Leftovers
|upkeep
|turn|2
|inactive|PinjarraPanther has 270 seconds left.
|
|t:|1728790537
|switch|p2a: Like Water|Milotic, F|100/100
|move|p1a: Breloom|Spore|p2a: Like Water
|-status|p2a: Like Water|slp|[from] move: Spore
|
|-weather|Sandstorm|[upkeep]
|-damage|p1a: Breloom|59/100|[from] Sandstorm
|-damage|p2a: Like Water|94/100 slp|[from] Sandstorm
|-heal|p1a: Breloom|65/100|[from] item: Leftovers
|-heal|p2a: Like Water|100/100 slp|[from] item: Leftovers
|upkeep
|turn|3
|inactive|PinjarraPanther has 270 seconds left.
|
|t:|1728790556
|-singleturn|p1a: Breloom|move: Focus Punch
|switch|p2a: Lose it|Claydol|100/100
|move|p1a: Breloom|Focus Punch|p2a: Lose it
|-resisted|p2a: Lose it
|-crit|p2a: Lose it
|-damage|p2a: Lose it|16/100
|
|-weather|Sandstorm|[upkeep]
|-damage|p1a: Breloom|59/100|[from] Sandstorm
|-heal|p1a: Breloom|65/100|[from] item: Leftovers
|-heal|p2a: Lose it|22/100|[from] item: Leftovers
|upkeep
|turn|4
|
|t:|1728790568
|switch|p1a: Zapdos|Zapdos|100/100
|switch|p2a: Smoke&Retribution|Skarmory, M|100/100
|
|-weather|Sandstorm|[upkeep]
|-damage|p1a: Zapdos|94/100|[from] Sandstorm
|-heal|p1a: Zapdos|100/100|[from] item: Leftovers
|upkeep
|turn|5
|
|t:|1728790574
|switch|p2a: Never Be Like You|Blissey, F|100/100
|move|p1a: Zapdos|Substitute|p1a: Zapdos
|-start|p1a: Zapdos|Substitute
|-damage|p1a: Zapdos|76/100
|
|-weather|Sandstorm|[upkeep]
|-damage|p1a: Zapdos|69/100|[from] Sandstorm
|-damage|p2a: Never Be Like You|94/100|[from] Sandstorm
|-heal|p1a: Zapdos|76/100|[from] item: Leftovers
|-heal|p2a: Never Be Like You|100/100|[from] item: Leftovers
|upkeep
|turn|6
|
|t:|1728790578
|move|p1a: Zapdos|Baton Pass|p1a: Zapdos
|
|t:|1728790585
|switch|p1a: Metagross|Metagross|100/100|[from] Baton Pass
|move|p2a: Never Be Like You|Ice Beam|p1a: Metagross
|-resisted|p1a: Metagross
|-activate|p1a: Metagross|Substitute|[damage]
|
|-weather|Sandstorm|[upkeep]
|-damage|p2a: Never Be Like You|94/100|[from] Sandstorm
|-heal|p2a: Never Be Like You|100/100|[from] item: Leftovers
|upkeep
|turn|7
|
|t:|1728790589
|switch|p2a: Smoke&Retribution|Skarmory, M|100/100
|move|p1a: Metagross|Meteor Mash|p2a: Smoke&Retribution|[miss]
|-miss|p1a: Metagross|p2a: Smoke&Retribution
|
|-weather|Sandstorm|[upkeep]
|upkeep
|turn|8
|
|t:|1728790592
|move|p1a: Metagross|Meteor Mash|p2a: Smoke&Retribution
|-resisted|p2a: Smoke&Retribution
|-damage|p2a: Smoke&Retribution|70/100
|move|p2a: Smoke&Retribution|Roar|p1a: Metagross
|drag|p1a: Breloom|Breloom, M|65/100
|
|-weather|Sandstorm|[upkeep]
|-damage|p1a: Breloom|59/100|[from] Sandstorm
|-heal|p1a: Breloom|65/100|[from] item: Leftovers
|-heal|p2a: Smoke&Retribution|76/100|[from] item: Leftovers
|upkeep
|turn|9
|
|t:|1728790598
|-singleturn|p1a: Breloom|move: Focus Punch
|move|p2a: Smoke&Retribution|Toxic|p1a: Breloom|[miss]
|-miss|p2a: Smoke&Retribution|p1a: Breloom
|move|p1a: Breloom|Focus Punch|p2a: Smoke&Retribution
|-damage|p2a: Smoke&Retribution|14/100
|
|-weather|Sandstorm|[upkeep]
|-damage|p1a: Breloom|59/100|[from] Sandstorm
|-heal|p1a: Breloom|65/100|[from] item: Leftovers
|-heal|p2a: Smoke&Retribution|20/100|[from] item: Leftovers
|upkeep
|turn|10
|c|☆qsns|sorry
|
|t:|1728790609
|-singleturn|p1a: Breloom|move: Focus Punch
|move|p2a: Smoke&Retribution|Drill Peck|p1a: Breloom
|-supereffective|p1a: Breloom
|-crit|p1a: Breloom
|-damage|p1a: Breloom|0 fnt
|faint|p1a: Breloom
|
|t:|1728790616
|switch|p1a: Salamence|Salamence, M|100/100
|-ability|p1a: Salamence|Intimidate|boost
|-unboost|p2a: Smoke&Retribution|atk|1
|
|-weather|Sandstorm|[upkeep]
|-damage|p1a: Salamence|94/100|[from] Sandstorm
|-heal|p1a: Salamence|100/100|[from] item: Leftovers
|-heal|p2a: Smoke&Retribution|26/100|[from] item: Leftovers
|upkeep
|turn|11
|
|t:|1728790638
|switch|p2a: Like Water|Milotic, F|100/100 slp
|move|p1a: Salamence|Fire Blast|p2a: Like Water
|-resisted|p2a: Like Water
|-crit|p2a: Like Water
|-damage|p2a: Like Water|72/100 slp
|
|-weather|Sandstorm|[upkeep]
|-damage|p1a: Salamence|94/100|[from] Sandstorm
|-damage|p2a: Like Water|66/100 slp|[from] Sandstorm
|-heal|p1a: Salamence|100/100|[from] item: Leftovers
|-heal|p2a: Like Water|72/100 slp|[from] item: Leftovers
|upkeep
|turn|12
|
|t:|1728790648
|switch|p2a: Tiny Cities|Dugtrio, M|100/100
|move|p1a: Salamence|Hidden Power|p2a: Tiny Cities
|-supereffective|p2a: Tiny Cities
|-damage|p2a: Tiny Cities|6/100
|
|-weather|Sandstorm|[upkeep]
|-damage|p1a: Salamence|94/100|[from] Sandstorm
|-heal|p1a: Salamence|100/100|[from] item: Leftovers
|upkeep
|turn|13
|
|t:|1728790658
|switch|p1a: Swampert|Swampert, M|100/100
|move|p2a: Tiny Cities|Earthquake|p1a: Swampert
|-damage|p1a: Swampert|47/100
|
|-weather|Sandstorm|[upkeep]
|-heal|p1a: Swampert|53/100|[from] item: Leftovers
|upkeep
|turn|14
|
|t:|1728790661
|move|p2a: Tiny Cities|Earthquake|p1a: Swampert
|-damage|p1a: Swampert|1/100
|move|p1a: Swampert|Ice Beam|p2a: Tiny Cities
|-supereffective|p2a: Tiny Cities
|-damage|p2a: Tiny Cities|0 fnt
|faint|p2a: Tiny Cities
|inactive|PinjarraPanther has 270 seconds left.
|
|t:|1728790708
|switch|p2a: Never Be Like You|Blissey, F|100/100
|
|-weather|Sandstorm|[upkeep]
|-damage|p2a: Never Be Like You|94/100|[from] Sandstorm
|-heal|p1a: Swampert|7/100|[from] item: Leftovers
|-heal|p2a: Never Be Like You|100/100|[from] item: Leftovers
|upkeep
|turn|15
|
|t:|1728790719
|move|p1a: Swampert|Earthquake|p2a: Never Be Like You
|-damage|p2a: Never Be Like You|67/100
|move|p2a: Never Be Like You|Ice Beam|p1a: Swampert
|-damage|p1a: Swampert|0 fnt
|faint|p1a: Swampert
|
|t:|1728790721
|switch|p1a: Metagross|Metagross|100/100
|
|-weather|Sandstorm|[upkeep]
|-damage|p2a: Never Be Like You|61/100|[from] Sandstorm
|-heal|p2a: Never Be Like You|67/100|[from] item: Leftovers
|upkeep
|turn|16
|
|t:|1728790730
|switch|p2a: Like Water|Milotic, F|72/100 slp
|move|p1a: Metagross|Meteor Mash|p2a: Like Water
|-resisted|p2a: Like Water
|-damage|p2a: Like Water|48/100 slp
|
|-weather|Sandstorm|[upkeep]
|-damage|p2a: Like Water|42/100 slp|[from] Sandstorm
|-heal|p2a: Like Water|48/100 slp|[from] item: Leftovers
|upkeep
|turn|17
|
|t:|1728790738
|switch|p2a: Lose it|Claydol|22/100
|move|p1a: Metagross|Meteor Mash|p2a: Lose it
|-damage|p2a: Lose it|0 fnt
|faint|p2a: Lose it
|
|t:|1728790752
|switch|p2a: Like Water|Milotic, F|48/100 slp
|
|-weather|Sandstorm|[upkeep]
|-damage|p2a: Like Water|42/100 slp|[from] Sandstorm
|-heal|p2a: Like Water|48/100 slp|[from] item: Leftovers
|upkeep
|turn|18
|
|t:|1728790758
|cant|p2a: Like Water|slp
|move|p1a: Metagross|Meteor Mash|p2a: Like Water
|-resisted|p2a: Like Water
|-crit|p2a: Like Water
|-damage|p2a: Like Water|0 fnt
|faint|p2a: Like Water
|
|t:|1728790774
|switch|p2a: Never Be Like You|Blissey, F|67/100
|
|-weather|Sandstorm|[upkeep]
|-damage|p2a: Never Be Like You|61/100|[from] Sandstorm
|-heal|p2a: Never Be Like You|67/100|[from] item: Leftovers
|upkeep
|turn|19
|
|t:|1728790784
|move|p1a: Metagross|Meteor Mash|p2a: Never Be Like You
|-damage|p2a: Never Be Like You|0 fnt
|faint|p2a: Never Be Like You
|
|t:|1728790786
|switch|p2a: Say it|Tyranitar, F|100/100
|
|-weather|Sandstorm|[upkeep]
|upkeep
|turn|20
|
|t:|1728790789
|move|p1a: Metagross|Meteor Mash|p2a: Say it
|-supereffective|p2a: Say it
|-damage|p2a: Say it|0 fnt
|faint|p2a: Say it
|
|t:|1728790791
|switch|p2a: Smoke&Retribution|Skarmory, M|26/100
|
|-weather|Sandstorm|[upkeep]
|-heal|p2a: Smoke&Retribution|32/100|[from] item: Leftovers
|upkeep
|turn|21
|
|t:|1728790793
|move|p1a: Metagross|Meteor Mash|p2a: Smoke&Retribution
|-resisted|p2a: Smoke&Retribution
|-damage|p2a: Smoke&Retribution|0 fnt
|faint|p2a: Smoke&Retribution
|
|win|qsns
|c|☆qsns|gg
|c|☆qsns|apologies for crits and stuff
|c|☆qsns|messy game
|c|☆PinjarraPanther|gg, it is what it is

</script>
<script type="application/json" class="data" id="replaydata-smogtours-gen3ou-797949">
{"id":"smogtours-gen3ou-797949","format":"[Gen 3] OU","players":["qsns","PinjarraPanther"],"uploadtime":1728790793,"views":104,"formatid":"gen3ou","rating":null,"private":0,"password":null}
</script>

<script defer src="js/replays.js?9d40a366"></script>
