<!DOCTYPE html>
<meta charset="utf-8" />
<meta name="viewport" content="width=device-width" />

<title>[Gen 3] OU: SSBM Nicki vs. Just_Leonardo - Replays - Pok&eacute;mon Showdown!</title>

<meta name="description" content="Watch a replay of a Pok&eacute;mon battle between SSBM Nicki and Just_Leonardo! Format: [Gen 3] OU; Date: Oct 20, 2024" />
<!--

Hey, you! Looking in the source for the replay log?

You can find them in JSON format, just add `.json` at the end of a replay URL.

https://replay.pokemonshowdown.com/gen7randomdoublesbattle-865046831.json

Or, if you only need the log itself, add `.log` instead:

https://replay.pokemonshowdown.com/gen7randomdoublesbattle-865046831.log

-->

<link rel="stylesheet" href="//pokemonshowdown.com/style/global.css?0.023195364461161105" />
<link rel="stylesheet" href="//play.pokemonshowdown.com/style/font-awesome.css?0.13261647063804238" />
<link rel="stylesheet" href="//play.pokemonshowdown.com/style/battle.css?0.8753245789963631" />
<link rel="stylesheet" href="//play.pokemonshowdown.com/style/utilichart.css?0.8627959624976733" />

<!-- Global site tag (gtag.js) - Google Analytics -->
<script async src="https://www.googletagmanager.com/gtag/js?id=UA-26211653-1"></script>
<script>
  window.dataLayer = window.dataLayer || [];
  function gtag(){dataLayer.push(arguments);}
  gtag('js', new Date());

  gtag('config', 'UA-26211653-1');
</script>
<!-- End Google Analytics -->
<!-- Venatus Ad Manager - Install in <HEAD> of page -->
	<script src="https://hb.vntsm.com/v3/live/ad-manager.min.js" type="text/javascript" data-site-id="642aba63ec9a7b11c3c9c1be" data-mode="scan" async></script>
<!-- / Venatus Ad Manager -->

<style>
	@media (max-width:820px) {
		.battle {
			margin: 0 auto;
		}
		.battle-log {
			margin: 7px auto 0;
			max-width: 640px;
			height: 300px;
			position: static;
		}
	}
	.optgroup {
		display: inline-block;
		line-height: 22px;
		font-size: 10pt;
	}
	.optgroup .button {
		height: 25px;
		padding-top: 0;
		padding-bottom: 0;
	}
	.optgroup button.button {
		padding-left: 12px;
		padding-right: 12px;
	}
	.linklist {
		list-style: none;
		margin: 0.5em 0;
		padding: 0;
	}
	.linklist li {
		padding: 2px 0;
	}
	.sidebar {
		float: left;
		width: 320px;
	}
	.bar-wrapper {
		max-width: 1100px;
		margin: 0 auto;
	}
	.bar-wrapper.has-sidebar {
		max-width: 1430px;
	}
	.mainbar {
		margin: 0;
		padding-right: 1px;
	}
	.mainbar.has-sidebar {
		margin-left: 330px;
	}
	@media (min-width: 1511px) {
		.sidebar {
			width: 400px;
		}
		.bar-wrapper.has-sidebar {
			max-width: 1510px;
		}
		.mainbar.has-sidebar {
			margin-left: 410px;
		}
	}
	.section.first-section {
		margin-top: 9px;
	}
	.blocklink small {
		white-space: normal;
	}
	.button {
		vertical-align: middle;
	}
	.replay-controls {
		padding-top: 10px;
	}
	.replay-controls h1 {
		font-size: 16pt;
		font-weight: normal;
		color: #CCC;
	}
	.pagelink {
		text-align: center;
	}
	.pagelink a {
		width: 150px;
	}
	.textbox, .button {
		font-size: 11pt;
		vertical-align: middle;
	}
	@media (max-width: 450px) {
		.button {
			font-size: 9pt;
		}
	}
</style>

<div>

	<header>
		<div class="nav-wrapper"><ul class="nav">
			<li><a class="button nav-first" href="//pokemonshowdown.com/"><img src="//pokemonshowdown.com/images/pokemonshowdownbeta.png" srcset="//pokemonshowdown.com/images/pokemonshowdownbeta.png 1x, //pokemonshowdown.com/images/pokemonshowdownbeta@2x.png 2x" alt="Pok&eacute;mon Showdown" width="146" height="44" /> Home</a></li>
			<li><a class="button" href="//pokemonshowdown.com/dex/">Pok&eacute;dex</a></li>
			<li><a class="button cur" href="/">Replays</a></li>
			<li><a class="button" href="//pokemonshowdown.com/ladder/">Ladder</a></li>
			<li><a class="button nav-last" href="//pokemonshowdown.com/forums/">Forum</a></li>
			<li><a class="button greenbutton nav-first nav-last" href="//play.pokemonshowdown.com/">Play</a></li>
		</ul></div>
	</header>

	<div class="main" id="main">

		<noscript><section class="section">You need to enable JavaScript to use this page; sorry!</section></noscript>

	</div>

</div>

<script defer nomodule src="//play.pokemonshowdown.com/js/lib/ps-polyfill.js"></script>
<script defer src="//play.pokemonshowdown.com/js/lib/preact.min.js"></script>

<script defer src="//play.pokemonshowdown.com/config/config.js?2bddbc15"></script>
<script defer src="//play.pokemonshowdown.com/js/lib/jquery-1.11.0.min.js"></script>
<script defer src="//play.pokemonshowdown.com/js/lib/html-sanitizer-minified.js"></script>
<script defer src="//play.pokemonshowdown.com/js/battle-sound.js"></script>
<script defer src="//play.pokemonshowdown.com/js/battledata.js?0.7209276989879541"></script>
<script defer src="//play.pokemonshowdown.com/data/pokedex-mini.js?0.6111056340867951"></script>
<script defer src="//play.pokemonshowdown.com/data/pokedex-mini-bw.js?0.3532142036491459"></script>
<script defer src="//play.pokemonshowdown.com/data/graphics.js?0.24223875632456182"></script>
<script defer src="//play.pokemonshowdown.com/data/pokedex.js?0.38839984266356864"></script>
<script defer src="//play.pokemonshowdown.com/data/moves.js?0.21866028504024015"></script>
<script defer src="//play.pokemonshowdown.com/data/abilities.js?0.2005157953846628"></script>
<script defer src="//play.pokemonshowdown.com/data/items.js?0.9894211263848525"></script>
<script defer src="//play.pokemonshowdown.com/data/teambuilder-tables.js?0.6008791140282215"></script>
<script defer src="//play.pokemonshowdown.com/js/battle-tooltips.js?0.7580118955022959"></script>
<script defer src="//play.pokemonshowdown.com/js/battle.js?0.6057722274234274"></script>

<script defer src="js/utils.js?e31f9a17"></script>
<script defer src="js/replays-battle.js?7008c182"></script>

<!-- don't scrape this data! just add .json or .log after the URL!
Full API docs: https://github.com/smogon/pokemon-showdown-client/blob/master/WEB-API.md -->
<script type="text/plain" class="log" id="replaylog-smogtours-gen3ou-800650">
|inactive|Battle timer is ON: inactive players will automatically lose when time's up.
|t:|1729448851
|gametype|singles
|player|p1|SSBM Nicki|2|
|player|p2|Just_Leonardo|hiker-gen4|
|teamsize|p1|6
|teamsize|p2|6
|gen|3
|tier|[Gen 3] OU
|rule|Sleep Clause Mod: Limit one foe put to sleep
|rule|Switch Priority Clause Mod: Faster Pokémon switch first
|rule|Species Clause: Limit one of each Pokémon
|rule|OHKO Clause: OHKO moves are banned
|rule|Evasion Items Clause: Evasion items are banned
|rule|Evasion Moves Clause: Evasion moves are banned
|rule|Endless Battle Clause: Forcing endless battles is banned
|rule|HP Percentage Mod: HP is shown in percentages
|rule|One Boost Passer Clause: Limit one Baton Passer that has a way to boost its stats
|rule|Freeze Clause Mod: Limit one foe frozen
|
|t:|1729448851
|start
|switch|p1a: Suicune|Suicune|100/100
|switch|p2a: Drake|Salamence, M|100/100
|-ability|p2a: Drake|Intimidate|boost
|-unboost|p1a: Suicune|atk|1
|turn|1
|c|☆Just_Leonardo|hf
|c|☆SSBM Nicki|glhf
|inactive|Just_Leonardo has 270 seconds left.
|inactive|SSBM Nicki has 270 seconds left.
|
|t:|1729448907
|switch|p2a: Joy|Blissey, F|100/100
|move|p1a: Suicune|Ice Beam|p2a: Joy
|-damage|p2a: Joy|90/100
|
|-heal|p2a: Joy|96/100|[from] item: Leftovers
|upkeep
|turn|2
|
|t:|1729448933
|switch|p1a: Porygon2|Porygon2|100/100
|-ability|p1a: Porygon2|Natural Cure|[from] ability: Trace|[of] p2a: Joy
|move|p2a: Joy|Seismic Toss|p1a: Porygon2
|-damage|p1a: Porygon2|74/100
|
|-heal|p1a: Porygon2|80/100|[from] item: Leftovers
|-heal|p2a: Joy|100/100|[from] item: Leftovers
|upkeep
|turn|3
|c|+Girls See Ghosts|LET'S GO NICKI WOOOOOO
|c|☆Just_Leonardo|I want cheerleading to :(
|inactive|Just_Leonardo has 270 seconds left.
|c|☆SSBM Nicki|LETS GO LEONARDO WOOOO
|c|+Girls See Ghosts|good luck leonardo :)
|c|☆Just_Leonardo|Based opp, I like Nicki
|
|t:|1729448992
|move|p1a: Porygon2|Toxic|p2a: Joy
|-status|p2a: Joy|tox
|move|p2a: Joy|Seismic Toss|p1a: Porygon2
|-damage|p1a: Porygon2|53/100
|
|-heal|p1a: Porygon2|59/100|[from] item: Leftovers
|-damage|p2a: Joy|94/100 tox|[from] psn
|upkeep
|turn|4
|inactive|Just_Leonardo has 240 seconds left.
|
|t:|1729449013
|-curestatus|p2a: Joy|tox|[from] ability: Natural Cure
|switch|p2a: V|Skarmory, F|100/100
|move|p1a: Porygon2|Recover|p1a: Porygon2
|-heal|p1a: Porygon2|100/100
|
|upkeep
|turn|5
|inactive|Just_Leonardo has 240 seconds left.
|inactive|SSBM Nicki has 270 seconds left.
|
|t:|1729449062
|move|p2a: V|Spikes|p1a: Porygon2
|-sidestart|p1: SSBM Nicki|Spikes
|move|p1a: Porygon2|Thunderbolt|p2a: V
|-supereffective|p2a: V
|-damage|p2a: V|58/100
|
|-heal|p2a: V|64/100|[from] item: Leftovers
|upkeep
|turn|6
|inactive|Just_Leonardo has 240 seconds left.
|
|t:|1729449085
|move|p2a: V|Protect|p2a: V
|-singleturn|p2a: V|Protect
|move|p1a: Porygon2|Thunderbolt|p2a: V
|-activate|p2a: V|Protect
|
|-heal|p2a: V|70/100|[from] item: Leftovers
|upkeep
|turn|7
|inactive|SSBM Nicki has 240 seconds left.
|inactive|Just_Leonardo has 210 seconds left.
|inactive|SSBM Nicki has 210 seconds left.
|inactive|SSBM Nicki has 180 seconds left.
|inactive|Just_Leonardo has 180 seconds left.
|
|t:|1729449167
|switch|p1a: Celebi|Celebi|100/100
|-damage|p1a: Celebi|88/100|[from] Spikes
|move|p2a: V|Spikes|p1a: Celebi
|-sidestart|p1: SSBM Nicki|Spikes
|
|-heal|p1a: Celebi|94/100|[from] item: Leftovers
|-heal|p2a: V|76/100|[from] item: Leftovers
|upkeep
|turn|8
|inactive|SSBM Nicki has 180 seconds left.
|inactive|Just_Leonardo has 180 seconds left.
|
|t:|1729449178
|switch|p2a: Zapdos|Zapdos|100/100
|move|p1a: Celebi|Calm Mind|p1a: Celebi
|-boost|p1a: Celebi|spa|1
|-boost|p1a: Celebi|spd|1
|
|-heal|p1a: Celebi|99/100|[from] item: Leftovers
|upkeep
|turn|9
|c|+bluesenergy00|Tense stand off between my favourite Ice Climbers main and SSBM Nicki
|inactive|SSBM Nicki has 180 seconds left.
|
|t:|1729449203
|move|p1a: Celebi|Hidden Power|p2a: Zapdos
|-damage|p2a: Zapdos|80/100
|move|p2a: Zapdos|Roar|p1a: Celebi
|drag|p1a: Suicune|Suicune|100/100
|-damage|p1a: Suicune|84/100|[from] Spikes
|
|-heal|p1a: Suicune|90/100|[from] item: Leftovers
|-heal|p2a: Zapdos|86/100|[from] item: Leftovers
|upkeep
|turn|10
|c|☆Just_Leonardo|Ah yes, I am well known for my epic plays in SSBM
|c|+Girls See Ghosts|I'm not even the 3rd most popular ice climbers player in this chat, this is dire
|inactive|SSBM Nicki has 150 seconds left.
|
|t:|1729449257
|move|p1a: Suicune|Calm Mind|p1a: Suicune
|-boost|p1a: Suicune|spa|1
|-boost|p1a: Suicune|spd|1
|move|p2a: Zapdos|Thunderbolt|p1a: Suicune
|-supereffective|p1a: Suicune
|-damage|p1a: Suicune|43/100
|
|-heal|p1a: Suicune|49/100|[from] item: Leftovers
|-heal|p2a: Zapdos|92/100|[from] item: Leftovers
|upkeep
|turn|11
|inactive|SSBM Nicki has 120 seconds left.
|inactive|Just_Leonardo has 180 seconds left.
|
|t:|1729449303
|move|p1a: Suicune|Ice Beam|p2a: Zapdos
|-supereffective|p2a: Zapdos
|-crit|p2a: Zapdos
|-damage|p2a: Zapdos|0 fnt
|faint|p2a: Zapdos
|inactive|Just_Leonardo has 150 seconds left.
|
|t:|1729449321
|switch|p2a: Muzio|Magneton, shiny|100/100
|
|-heal|p1a: Suicune|55/100|[from] item: Leftovers
|upkeep
|turn|12
|inactive|SSBM Nicki has 120 seconds left.
|
|t:|1729449350
|move|p1a: Suicune|Hydro Pump|p2a: Muzio|[miss]
|-miss|p1a: Suicune|p2a: Muzio
|move|p2a: Muzio|Thunderbolt|p1a: Suicune
|-supereffective|p1a: Suicune
|-damage|p1a: Suicune|0 fnt
|faint|p1a: Suicune
|
|t:|1729449352
|switch|p1a: Dugtrio|Dugtrio, F|100/100
|-damage|p1a: Dugtrio|84/100|[from] Spikes
|
|upkeep
|turn|13
|
|t:|1729449361
|move|p2a: Muzio|Protect|p2a: Muzio
|-singleturn|p2a: Muzio|Protect
|move|p1a: Dugtrio|Earthquake|p2a: Muzio
|-activate|p2a: Muzio|Protect
|
|upkeep
|turn|14
|
|t:|1729449371
|move|p2a: Muzio|Protect||[still]
|-fail|p2a: Muzio
|move|p1a: Dugtrio|Earthquake|p2a: Muzio
|-supereffective|p2a: Muzio
|-damage|p2a: Muzio|0 fnt
|faint|p2a: Muzio
|
|t:|1729449375
|switch|p2a: Drake|Salamence, M|100/100
|-ability|p2a: Drake|Intimidate|boost
|-unboost|p1a: Dugtrio|atk|1
|
|upkeep
|turn|15
|
|t:|1729449380
|switch|p1a: Porygon2|Porygon2|100/100
|-damage|p1a: Porygon2|84/100|[from] Spikes
|-ability|p1a: Porygon2|Intimidate|[from] ability: Trace|[of] p2a: Drake
|move|p2a: Drake|Hidden Power|p1a: Porygon2
|-damage|p1a: Porygon2|34/100
|
|-heal|p1a: Porygon2|40/100|[from] item: Leftovers
|upkeep
|turn|16
|inactive|SSBM Nicki has 150 seconds left.
|inactive|Just_Leonardo has 180 seconds left.
|inactive|SSBM Nicki has 120 seconds left.
|inactive|SSBM Nicki has 90 seconds left.
|inactive|Just_Leonardo has 150 seconds left.
|
|t:|1729449462
|switch|p1a: Jirachi|Jirachi|100/100
|-damage|p1a: Jirachi|84/100|[from] Spikes
|move|p2a: Drake|Hidden Power|p1a: Jirachi
|-resisted|p1a: Jirachi
|-damage|p1a: Jirachi|55/100
|
|-heal|p1a: Jirachi|61/100|[from] item: Leftovers
|upkeep
|turn|17
|inactive|SSBM Nicki has 90 seconds left.
|
|t:|1729449472
|switch|p2a: V|Skarmory, F|76/100
|move|p1a: Jirachi|Calm Mind|p1a: Jirachi
|-boost|p1a: Jirachi|spa|1
|-boost|p1a: Jirachi|spd|1
|
|-heal|p1a: Jirachi|67/100|[from] item: Leftovers
|-heal|p2a: V|82/100|[from] item: Leftovers
|upkeep
|turn|18
|inactive|SSBM Nicki has 90 seconds left.
|
|t:|1729449490
|move|p1a: Jirachi|Fire Punch|p2a: V
|-supereffective|p2a: V
|-damage|p2a: V|20/100
|-status|p2a: V|brn
|move|p2a: V|Roar|p1a: Jirachi
|drag|p1a: Celebi|Celebi|99/100
|-damage|p1a: Celebi|84/100|[from] Spikes
|
|-heal|p1a: Celebi|90/100|[from] item: Leftovers
|-heal|p2a: V|26/100 brn|[from] item: Leftovers
|-damage|p2a: V|14/100 brn|[from] brn
|upkeep
|turn|19
|inactive|Just_Leonardo has 150 seconds left.
|inactive|SSBM Nicki has 60 seconds left.
|
|t:|1729449536
|move|p1a: Celebi|Hidden Power|p2a: V
|-supereffective|p2a: V
|-crit|p2a: V
|-damage|p2a: V|0 fnt
|faint|p2a: V
|
|t:|1729449538
|switch|p2a: Drake|Salamence, M|100/100
|-ability|p2a: Drake|Intimidate|boost
|-unboost|p1a: Celebi|atk|1
|
|-heal|p1a: Celebi|96/100|[from] item: Leftovers
|upkeep
|turn|20
|inactive|SSBM Nicki has 30 seconds left.
|inactive|SSBM Nicki has 20 seconds left.
|
|t:|1729449582
|move|p1a: Celebi|Hidden Power|p2a: Drake
|-resisted|p2a: Drake
|-damage|p2a: Drake|89/100
|move|p2a: Drake|Hidden Power|p1a: Celebi
|-supereffective|p1a: Celebi
|-damage|p1a: Celebi|0 fnt
|faint|p1a: Celebi
|inactive|SSBM Nicki has 25 seconds left this turn.
|inactive|SSBM Nicki has 20 seconds left.
|
|t:|1729449588
|switch|p1a: Raikou|Raikou|100/100
|-damage|p1a: Raikou|84/100|[from] Spikes
|
|-heal|p1a: Raikou|90/100|[from] item: Leftovers
|upkeep
|turn|21
|inactive|SSBM Nicki has 30 seconds left this turn.
|
|t:|1729449594
|switch|p2a: Joy|Blissey, F|94/100
|move|p1a: Raikou|Calm Mind|p1a: Raikou
|-boost|p1a: Raikou|spa|1
|-boost|p1a: Raikou|spd|1
|
|-heal|p1a: Raikou|96/100|[from] item: Leftovers
|-heal|p2a: Joy|100/100|[from] item: Leftovers
|upkeep
|turn|22
|inactive|SSBM Nicki has 30 seconds left.
|
|t:|1729449607
|move|p1a: Raikou|Calm Mind|p1a: Raikou
|-boost|p1a: Raikou|spa|1
|-boost|p1a: Raikou|spd|1
|move|p2a: Joy|Seismic Toss|p1a: Raikou
|-damage|p1a: Raikou|65/100
|
|-heal|p1a: Raikou|72/100|[from] item: Leftovers
|upkeep
|turn|23
|inactive|SSBM Nicki has 30 seconds left.
|
|t:|1729449616
|move|p1a: Raikou|Calm Mind|p1a: Raikou
|-boost|p1a: Raikou|spa|1
|-boost|p1a: Raikou|spd|1
|move|p2a: Joy|Seismic Toss|p1a: Raikou
|-damage|p1a: Raikou|41/100
|
|-heal|p1a: Raikou|47/100|[from] item: Leftovers
|upkeep
|turn|24
|
|t:|1729449621
|move|p1a: Raikou|Thunderbolt|p2a: Joy
|-damage|p2a: Joy|55/100
|move|p2a: Joy|Seismic Toss|p1a: Raikou
|-damage|p1a: Raikou|16/100
|
|-heal|p1a: Raikou|22/100|[from] item: Leftovers
|-heal|p2a: Joy|61/100|[from] item: Leftovers
|upkeep
|turn|25
|inactive|Just_Leonardo has 180 seconds left.
|
|t:|1729449638
|move|p1a: Raikou|Thunderbolt|p2a: Joy
|-damage|p2a: Joy|14/100
|move|p2a: Joy|Soft-Boiled|p2a: Joy
|-heal|p2a: Joy|64/100
|
|-heal|p1a: Raikou|28/100|[from] item: Leftovers
|-heal|p2a: Joy|70/100|[from] item: Leftovers
|upkeep
|turn|26
|
|t:|1729449642
|move|p1a: Raikou|Thunderbolt|p2a: Joy
|-damage|p2a: Joy|27/100
|move|p2a: Joy|Seismic Toss|p1a: Raikou
|-damage|p1a: Raikou|0 fnt
|faint|p1a: Raikou
|
|t:|1729449646
|switch|p1a: Dugtrio|Dugtrio, F|84/100
|-damage|p1a: Dugtrio|67/100|[from] Spikes
|
|-heal|p2a: Joy|33/100|[from] item: Leftovers
|upkeep
|turn|27
|
|t:|1729449650
|move|p1a: Dugtrio|Earthquake|p2a: Joy
|-damage|p2a: Joy|0 fnt
|faint|p2a: Joy
|
|t:|1729449654
|switch|p2a: Drake|Salamence, M|89/100
|-ability|p2a: Drake|Intimidate|boost
|-unboost|p1a: Dugtrio|atk|1
|
|upkeep
|turn|28
|
|t:|1729449668
|switch|p1a: Porygon2|Porygon2|40/100
|-damage|p1a: Porygon2|24/100|[from] Spikes
|-ability|p1a: Porygon2|Intimidate|[from] ability: Trace|[of] p2a: Drake
|move|p2a: Drake|Earthquake|p1a: Porygon2
|-damage|p1a: Porygon2|0 fnt
|faint|p1a: Porygon2
|
|t:|1729449671
|switch|p1a: Dugtrio|Dugtrio, F|67/100
|-damage|p1a: Dugtrio|51/100|[from] Spikes
|
|upkeep
|turn|29
|
|t:|1729449677
|switch|p2a: Axol|Swampert, M|100/100
|move|p1a: Dugtrio|Rock Slide|p2a: Axol
|-resisted|p2a: Axol
|-damage|p2a: Axol|90/100
|
|-heal|p2a: Axol|96/100|[from] item: Leftovers
|upkeep
|turn|30
|
|t:|1729449685
|move|p1a: Dugtrio|Rock Slide|p2a: Axol
|-resisted|p2a: Axol
|-damage|p2a: Axol|85/100
|move|p2a: Axol|Earthquake|p1a: Dugtrio
|-damage|p1a: Dugtrio|0 fnt
|faint|p1a: Dugtrio
|
|t:|1729449687
|switch|p1a: Jirachi|Jirachi|67/100
|-damage|p1a: Jirachi|50/100|[from] Spikes
|
|-heal|p1a: Jirachi|57/100|[from] item: Leftovers
|-heal|p2a: Axol|91/100|[from] item: Leftovers
|upkeep
|turn|31
|
|t:|1729449714
|move|p1a: Jirachi|Hidden Power|p2a: Axol
|-supereffective|p2a: Axol
|-damage|p2a: Axol|21/100
|move|p2a: Axol|Earthquake|p1a: Jirachi
|-supereffective|p1a: Jirachi
|-damage|p1a: Jirachi|0 fnt
|faint|p1a: Jirachi
|
|win|Just_Leonardo
|c|☆SSBM Nicki|ggs
|c|☆Just_Leonardo|gg wp
|player|p1|
|c|☆Just_Leonardo|Was fun playing you man

</script>
<script type="application/json" class="data" id="replaydata-smogtours-gen3ou-800650">
{"id":"smogtours-gen3ou-800650","format":"[Gen 3] OU","players":["SSBM Nicki","Just_Leonardo"],"uploadtime":1729449714,"views":129,"formatid":"gen3ou","rating":null,"private":0,"password":null}
</script>

<script defer src="js/replays.js?9d40a366"></script>
