<!DOCTYPE html>
<meta charset="utf-8" />
<meta name="viewport" content="width=device-width" />

<title>[Gen 3] OU: blundergoth vs. tempokin - Replays - Pok&eacute;mon Showdown!</title>

<meta name="description" content="Watch a replay of a Pok&eacute;mon battle between blundergoth and tempokin! Format: [Gen 3] OU; Date: Nov 3, 2024" />
<!--

Hey, you! Looking in the source for the replay log?

You can find them in JSON format, just add `.json` at the end of a replay URL.

https://replay.pokemonshowdown.com/gen7randomdoublesbattle-865046831.json

Or, if you only need the log itself, add `.log` instead:

https://replay.pokemonshowdown.com/gen7randomdoublesbattle-865046831.log

-->

<link rel="stylesheet" href="//pokemonshowdown.com/style/global.css?0.023195364461161105" />
<link rel="stylesheet" href="//play.pokemonshowdown.com/style/font-awesome.css?0.13261647063804238" />
<link rel="stylesheet" href="//play.pokemonshowdown.com/style/battle.css?0.8753245789963631" />
<link rel="stylesheet" href="//play.pokemonshowdown.com/style/utilichart.css?0.8627959624976733" />

<!-- Global site tag (gtag.js) - Google Analytics -->
<script async src="https://www.googletagmanager.com/gtag/js?id=UA-26211653-1"></script>
<script>
  window.dataLayer = window.dataLayer || [];
  function gtag(){dataLayer.push(arguments);}
  gtag('js', new Date());

  gtag('config', 'UA-26211653-1');
</script>
<!-- End Google Analytics -->
<!-- Venatus Ad Manager - Install in <HEAD> of page -->
	<script src="https://hb.vntsm.com/v3/live/ad-manager.min.js" type="text/javascript" data-site-id="642aba63ec9a7b11c3c9c1be" data-mode="scan" async></script>
<!-- / Venatus Ad Manager -->

<style>
	@media (max-width:820px) {
		.battle {
			margin: 0 auto;
		}
		.battle-log {
			margin: 7px auto 0;
			max-width: 640px;
			height: 300px;
			position: static;
		}
	}
	.optgroup {
		display: inline-block;
		line-height: 22px;
		font-size: 10pt;
	}
	.optgroup .button {
		height: 25px;
		padding-top: 0;
		padding-bottom: 0;
	}
	.optgroup button.button {
		padding-left: 12px;
		padding-right: 12px;
	}
	.linklist {
		list-style: none;
		margin: 0.5em 0;
		padding: 0;
	}
	.linklist li {
		padding: 2px 0;
	}
	.sidebar {
		float: left;
		width: 320px;
	}
	.bar-wrapper {
		max-width: 1100px;
		margin: 0 auto;
	}
	.bar-wrapper.has-sidebar {
		max-width: 1430px;
	}
	.mainbar {
		margin: 0;
		padding-right: 1px;
	}
	.mainbar.has-sidebar {
		margin-left: 330px;
	}
	@media (min-width: 1511px) {
		.sidebar {
			width: 400px;
		}
		.bar-wrapper.has-sidebar {
			max-width: 1510px;
		}
		.mainbar.has-sidebar {
			margin-left: 410px;
		}
	}
	.section.first-section {
		margin-top: 9px;
	}
	.blocklink small {
		white-space: normal;
	}
	.button {
		vertical-align: middle;
	}
	.replay-controls {
		padding-top: 10px;
	}
	.replay-controls h1 {
		font-size: 16pt;
		font-weight: normal;
		color: #CCC;
	}
	.pagelink {
		text-align: center;
	}
	.pagelink a {
		width: 150px;
	}
	.textbox, .button {
		font-size: 11pt;
		vertical-align: middle;
	}
	@media (max-width: 450px) {
		.button {
			font-size: 9pt;
		}
	}
</style>

<div>

	<header>
		<div class="nav-wrapper"><ul class="nav">
			<li><a class="button nav-first" href="//pokemonshowdown.com/"><img src="//pokemonshowdown.com/images/pokemonshowdownbeta.png" srcset="//pokemonshowdown.com/images/pokemonshowdownbeta.png 1x, //pokemonshowdown.com/images/pokemonshowdownbeta@2x.png 2x" alt="Pok&eacute;mon Showdown" width="146" height="44" /> Home</a></li>
			<li><a class="button" href="//pokemonshowdown.com/dex/">Pok&eacute;dex</a></li>
			<li><a class="button cur" href="/">Replays</a></li>
			<li><a class="button" href="//pokemonshowdown.com/ladder/">Ladder</a></li>
			<li><a class="button nav-last" href="//pokemonshowdown.com/forums/">Forum</a></li>
			<li><a class="button greenbutton nav-first nav-last" href="//play.pokemonshowdown.com/">Play</a></li>
		</ul></div>
	</header>

	<div class="main" id="main">

		<noscript><section class="section">You need to enable JavaScript to use this page; sorry!</section></noscript>

	</div>

</div>

<script defer nomodule src="//play.pokemonshowdown.com/js/lib/ps-polyfill.js"></script>
<script defer src="//play.pokemonshowdown.com/js/lib/preact.min.js"></script>

<script defer src="//play.pokemonshowdown.com/config/config.js?2bddbc15"></script>
<script defer src="//play.pokemonshowdown.com/js/lib/jquery-1.11.0.min.js"></script>
<script defer src="//play.pokemonshowdown.com/js/lib/html-sanitizer-minified.js"></script>
<script defer src="//play.pokemonshowdown.com/js/battle-sound.js"></script>
<script defer src="//play.pokemonshowdown.com/js/battledata.js?0.7209276989879541"></script>
<script defer src="//play.pokemonshowdown.com/data/pokedex-mini.js?0.6111056340867951"></script>
<script defer src="//play.pokemonshowdown.com/data/pokedex-mini-bw.js?0.3532142036491459"></script>
<script defer src="//play.pokemonshowdown.com/data/graphics.js?0.24223875632456182"></script>
<script defer src="//play.pokemonshowdown.com/data/pokedex.js?0.38839984266356864"></script>
<script defer src="//play.pokemonshowdown.com/data/moves.js?0.21866028504024015"></script>
<script defer src="//play.pokemonshowdown.com/data/abilities.js?0.2005157953846628"></script>
<script defer src="//play.pokemonshowdown.com/data/items.js?0.9894211263848525"></script>
<script defer src="//play.pokemonshowdown.com/data/teambuilder-tables.js?0.6008791140282215"></script>
<script defer src="//play.pokemonshowdown.com/js/battle-tooltips.js?0.7580118955022959"></script>
<script defer src="//play.pokemonshowdown.com/js/battle.js?0.6057722274234274"></script>

<script defer src="js/utils.js?e31f9a17"></script>
<script defer src="js/replays-battle.js?7008c182"></script>

<!-- don't scrape this data! just add .json or .log after the URL!
Full API docs: https://github.com/smogon/pokemon-showdown-client/blob/master/WEB-API.md -->
<script type="text/plain" class="log" id="replaylog-smogtours-gen3ou-804486">
|inactive|Battle timer is ON: inactive players will automatically lose when time's up.
|t:|1730660704
|gametype|singles
|player|p1|blundergoth|169|
|player|p2|tempokin|steven-masters|
|teamsize|p1|6
|teamsize|p2|6
|gen|3
|tier|[Gen 3] OU
|rule|Sleep Clause Mod: Limit one foe put to sleep
|rule|Switch Priority Clause Mod: Faster Pokémon switch first
|rule|Species Clause: Limit one of each Pokémon
|rule|OHKO Clause: OHKO moves are banned
|rule|Evasion Items Clause: Evasion items are banned
|rule|Evasion Moves Clause: Evasion moves are banned
|rule|Endless Battle Clause: Forcing endless battles is banned
|rule|HP Percentage Mod: HP is shown in percentages
|rule|One Boost Passer Clause: Limit one Baton Passer that has a way to boost its stats
|rule|Freeze Clause Mod: Limit one foe frozen
|
|t:|1730660704
|start
|switch|p1a: Salamence|Salamence, M|100/100
|switch|p2a: Blissey|Blissey, F|100/100
|-ability|p1a: Salamence|Intimidate|boost
|-unboost|p2a: Blissey|atk|1
|turn|1
|c|+allce|thunderblundergoth 
|
|t:|1730660732
|switch|p1a: Blissey|Blissey, F|100/100
|switch|p2a: Dusclops|Dusclops, F|100/100
|
|upkeep
|turn|2
|c|+Zpanther|AGAIN
|inactive|blundergoth has 270 seconds left.
|c|☆tempokin|terrible matchup unfortunately
|
|t:|1730660768
|switch|p2a: Skarmory|Skarmory, M|100/100
|move|p1a: Blissey|Thunderbolt|p2a: Skarmory
|-supereffective|p2a: Skarmory
|-damage|p2a: Skarmory|50/100
|
|-heal|p2a: Skarmory|56/100|[from] item: Leftovers
|upkeep
|turn|3
|inactive|blundergoth has 270 seconds left.
|c|+Zpanther|menace to society 
|
|t:|1730660784
|switch|p2a: Dugtrio|Dugtrio, M|100/100
|move|p1a: Blissey|Calm Mind|p1a: Blissey
|-boost|p1a: Blissey|spa|1
|-boost|p1a: Blissey|spd|1
|
|upkeep
|turn|4
|c|☆tempokin|alright i got the team wrong
|c|☆tempokin|many are saying this is a disaster
|c|+violet river|packed
|c|☆tempokin|LOL
|inactive|tempokin has 270 seconds left.
|c|☆tempokin|do we ff turn 4 for the worst go dug in human history
|c|+Zpanther|yes
|c|☆blundergoth|yes
|c|+allce|yes
|inactive|tempokin has 240 seconds left.
|
|t:|1730660859
|switch|p2a: Suicune|Suicune|100/100
|move|p1a: Blissey|Ice Beam|p2a: Suicune
|-resisted|p2a: Suicune
|-damage|p2a: Suicune|87/100
|
|-heal|p2a: Suicune|93/100|[from] item: Leftovers
|upkeep
|turn|5
|c|☆tempokin|we play it out
|c|☆tempokin|as written
|
|t:|1730660868
|move|p2a: Suicune|Calm Mind|p2a: Suicune
|-boost|p2a: Suicune|spa|1
|-boost|p2a: Suicune|spd|1
|move|p1a: Blissey|Thunderbolt|p2a: Suicune
|-supereffective|p2a: Suicune
|-damage|p2a: Suicune|57/100
|
|-heal|p2a: Suicune|64/100|[from] item: Leftovers
|upkeep
|turn|6
|
|t:|1730660870
|move|p1a: Blissey|Calm Mind|p1a: Blissey
|-boost|p1a: Blissey|spa|1
|-boost|p1a: Blissey|spd|1
|move|p2a: Suicune|Roar|p1a: Blissey
|drag|p1a: Metagross|Metagross|100/100
|
|-heal|p2a: Suicune|70/100|[from] item: Leftovers
|upkeep
|turn|7
|
|t:|1730660880
|switch|p2a: Skarmory|Skarmory, M|56/100
|switch|p1a: Suicune|Suicune|100/100
|
|-heal|p2a: Skarmory|62/100|[from] item: Leftovers
|upkeep
|turn|8
|
|t:|1730660891
|move|p1a: Suicune|Hydro Pump|p2a: Skarmory
|-damage|p2a: Skarmory|18/100
|move|p2a: Skarmory|Roar|p1a: Suicune
|drag|p1a: Salamence|Salamence, M|100/100
|-ability|p1a: Salamence|Intimidate|boost
|-unboost|p2a: Skarmory|atk|1
|
|-heal|p2a: Skarmory|24/100|[from] item: Leftovers
|upkeep
|turn|9
|inactive|blundergoth has 270 seconds left.
|
|t:|1730660922
|move|p2a: Skarmory|Protect|p2a: Skarmory
|-singleturn|p2a: Skarmory|Protect
|move|p1a: Salamence|Brick Break|p2a: Skarmory
|-activate|p2a: Skarmory|Protect
|
|-heal|p2a: Skarmory|30/100|[from] item: Leftovers
|upkeep
|turn|10
|inactive|blundergoth has 270 seconds left.
|
|t:|1730660935
|switch|p1a: Raikou|Raikou|100/100
|switch|p2a: Dusclops|Dusclops, F|100/100
|
|upkeep
|turn|11
|
|t:|1730660939
|move|p1a: Raikou|Substitute|p1a: Raikou
|-start|p1a: Raikou|Substitute
|-damage|p1a: Raikou|76/100
|move|p2a: Dusclops|Shadow Ball|p1a: Raikou
|-end|p1a: Raikou|Substitute
|
|-heal|p1a: Raikou|82/100|[from] item: Leftovers
|upkeep
|turn|12
|
|t:|1730660947
|switch|p1a: Blissey|Blissey, F|100/100
|move|p2a: Dusclops|Shadow Ball|p1a: Blissey
|-immune|p1a: Blissey
|
|upkeep
|turn|13
|
|t:|1730660960
|switch|p2a: Claydol|Claydol|100/100
|move|p1a: Blissey|Calm Mind|p1a: Blissey
|-boost|p1a: Blissey|spa|1
|-boost|p1a: Blissey|spd|1
|
|upkeep
|turn|14
|
|t:|1730660969
|move|p2a: Claydol|Earthquake|p1a: Blissey
|-damage|p1a: Blissey|58/100
|move|p1a: Blissey|Ice Beam|p2a: Claydol
|-supereffective|p2a: Claydol
|-crit|p2a: Claydol
|-damage|p2a: Claydol|0 fnt
|faint|p2a: Claydol
|
|t:|1730660973
|switch|p2a: Dugtrio|Dugtrio, M|100/100
|
|-heal|p1a: Blissey|64/100|[from] item: Leftovers
|upkeep
|turn|15
|c|☆blundergoth|i
|c|☆tempokin|god please
|c|☆blundergoth|did not want that
|
|t:|1730660981
|move|p2a: Dugtrio|Earthquake|p1a: Blissey
|-damage|p1a: Blissey|10/100
|move|p1a: Blissey|Ice Beam|p2a: Dugtrio
|-supereffective|p2a: Dugtrio
|-damage|p2a: Dugtrio|0 fnt
|faint|p2a: Dugtrio
|c|☆blundergoth|okay i wanted that
|c|☆tempokin|okay pack it up
|-message|tempokin forfeited.
|
|win|blundergoth

</script>
<script type="application/json" class="data" id="replaydata-smogtours-gen3ou-804486">
{"id":"smogtours-gen3ou-804486","format":"[Gen 3] OU","players":["blundergoth","tempokin"],"uploadtime":1730660992,"views":55,"formatid":"gen3ou","rating":null,"private":0,"password":null}
</script>

<script defer src="js/replays.js?9d40a366"></script>
