<!DOCTYPE html>
<meta charset="utf-8" />
<meta name="viewport" content="width=device-width" />

<title>[Gen 3] OU: Mafx vs. the band pet - Replays - Pok&eacute;mon Showdown!</title>

<meta name="description" content="Watch a replay of a Pok&eacute;mon battle between Mafx and the band pet! Format: [Gen 3] OU; Date: Oct 2, 2024" />
<!--

Hey, you! Looking in the source for the replay log?

You can find them in JSON format, just add `.json` at the end of a replay URL.

https://replay.pokemonshowdown.com/gen7randomdoublesbattle-865046831.json

Or, if you only need the log itself, add `.log` instead:

https://replay.pokemonshowdown.com/gen7randomdoublesbattle-865046831.log

-->

<link rel="stylesheet" href="//pokemonshowdown.com/style/global.css?0.023195364461161105" />
<link rel="stylesheet" href="//play.pokemonshowdown.com/style/font-awesome.css?0.13261647063804238" />
<link rel="stylesheet" href="//play.pokemonshowdown.com/style/battle.css?0.8753245789963631" />
<link rel="stylesheet" href="//play.pokemonshowdown.com/style/utilichart.css?0.8627959624976733" />

<!-- Global site tag (gtag.js) - Google Analytics -->
<script async src="https://www.googletagmanager.com/gtag/js?id=UA-26211653-1"></script>
<script>
  window.dataLayer = window.dataLayer || [];
  function gtag(){dataLayer.push(arguments);}
  gtag('js', new Date());

  gtag('config', 'UA-26211653-1');
</script>
<!-- End Google Analytics -->
<!-- Venatus Ad Manager - Install in <HEAD> of page -->
	<script src="https://hb.vntsm.com/v3/live/ad-manager.min.js" type="text/javascript" data-site-id="642aba63ec9a7b11c3c9c1be" data-mode="scan" async></script>
<!-- / Venatus Ad Manager -->

<style>
	@media (max-width:820px) {
		.battle {
			margin: 0 auto;
		}
		.battle-log {
			margin: 7px auto 0;
			max-width: 640px;
			height: 300px;
			position: static;
		}
	}
	.optgroup {
		display: inline-block;
		line-height: 22px;
		font-size: 10pt;
	}
	.optgroup .button {
		height: 25px;
		padding-top: 0;
		padding-bottom: 0;
	}
	.optgroup button.button {
		padding-left: 12px;
		padding-right: 12px;
	}
	.linklist {
		list-style: none;
		margin: 0.5em 0;
		padding: 0;
	}
	.linklist li {
		padding: 2px 0;
	}
	.sidebar {
		float: left;
		width: 320px;
	}
	.bar-wrapper {
		max-width: 1100px;
		margin: 0 auto;
	}
	.bar-wrapper.has-sidebar {
		max-width: 1430px;
	}
	.mainbar {
		margin: 0;
		padding-right: 1px;
	}
	.mainbar.has-sidebar {
		margin-left: 330px;
	}
	@media (min-width: 1511px) {
		.sidebar {
			width: 400px;
		}
		.bar-wrapper.has-sidebar {
			max-width: 1510px;
		}
		.mainbar.has-sidebar {
			margin-left: 410px;
		}
	}
	.section.first-section {
		margin-top: 9px;
	}
	.blocklink small {
		white-space: normal;
	}
	.button {
		vertical-align: middle;
	}
	.replay-controls {
		padding-top: 10px;
	}
	.replay-controls h1 {
		font-size: 16pt;
		font-weight: normal;
		color: #CCC;
	}
	.pagelink {
		text-align: center;
	}
	.pagelink a {
		width: 150px;
	}
	.textbox, .button {
		font-size: 11pt;
		vertical-align: middle;
	}
	@media (max-width: 450px) {
		.button {
			font-size: 9pt;
		}
	}
</style>

<div>

	<header>
		<div class="nav-wrapper"><ul class="nav">
			<li><a class="button nav-first" href="//pokemonshowdown.com/"><img src="//pokemonshowdown.com/images/pokemonshowdownbeta.png" srcset="//pokemonshowdown.com/images/pokemonshowdownbeta.png 1x, //pokemonshowdown.com/images/pokemonshowdownbeta@2x.png 2x" alt="Pok&eacute;mon Showdown" width="146" height="44" /> Home</a></li>
			<li><a class="button" href="//pokemonshowdown.com/dex/">Pok&eacute;dex</a></li>
			<li><a class="button cur" href="/">Replays</a></li>
			<li><a class="button" href="//pokemonshowdown.com/ladder/">Ladder</a></li>
			<li><a class="button nav-last" href="//pokemonshowdown.com/forums/">Forum</a></li>
			<li><a class="button greenbutton nav-first nav-last" href="//play.pokemonshowdown.com/">Play</a></li>
		</ul></div>
	</header>

	<div class="main" id="main">

		<noscript><section class="section">You need to enable JavaScript to use this page; sorry!</section></noscript>

	</div>

</div>

<script defer nomodule src="//play.pokemonshowdown.com/js/lib/ps-polyfill.js"></script>
<script defer src="//play.pokemonshowdown.com/js/lib/preact.min.js"></script>

<script defer src="//play.pokemonshowdown.com/config/config.js?2bddbc15"></script>
<script defer src="//play.pokemonshowdown.com/js/lib/jquery-1.11.0.min.js"></script>
<script defer src="//play.pokemonshowdown.com/js/lib/html-sanitizer-minified.js"></script>
<script defer src="//play.pokemonshowdown.com/js/battle-sound.js"></script>
<script defer src="//play.pokemonshowdown.com/js/battledata.js?0.7209276989879541"></script>
<script defer src="//play.pokemonshowdown.com/data/pokedex-mini.js?0.6111056340867951"></script>
<script defer src="//play.pokemonshowdown.com/data/pokedex-mini-bw.js?0.3532142036491459"></script>
<script defer src="//play.pokemonshowdown.com/data/graphics.js?0.24223875632456182"></script>
<script defer src="//play.pokemonshowdown.com/data/pokedex.js?0.38839984266356864"></script>
<script defer src="//play.pokemonshowdown.com/data/moves.js?0.21866028504024015"></script>
<script defer src="//play.pokemonshowdown.com/data/abilities.js?0.2005157953846628"></script>
<script defer src="//play.pokemonshowdown.com/data/items.js?0.9894211263848525"></script>
<script defer src="//play.pokemonshowdown.com/data/teambuilder-tables.js?0.6008791140282215"></script>
<script defer src="//play.pokemonshowdown.com/js/battle-tooltips.js?0.7580118955022959"></script>
<script defer src="//play.pokemonshowdown.com/js/battle.js?0.6057722274234274"></script>

<script defer src="js/utils.js?e31f9a17"></script>
<script defer src="js/replays-battle.js?7008c182"></script>

<!-- don't scrape this data! just add .json or .log after the URL!
Full API docs: https://github.com/smogon/pokemon-showdown-client/blob/master/WEB-API.md -->
<script type="text/plain" class="log" id="replaylog-smogtours-gen3ou-793977">
|inactive|Battle timer is ON: inactive players will automatically lose when time's up.
|t:|1727888937
|gametype|singles
|player|p1|Mafx|170|
|player|p2|the band pet|169|
|teamsize|p1|6
|teamsize|p2|6
|gen|3
|tier|[Gen 3] OU
|rule|Sleep Clause Mod: Limit one foe put to sleep
|rule|Switch Priority Clause Mod: Faster Pokémon switch first
|rule|Species Clause: Limit one of each Pokémon
|rule|OHKO Clause: OHKO moves are banned
|rule|Evasion Items Clause: Evasion items are banned
|rule|Evasion Moves Clause: Evasion moves are banned
|rule|Endless Battle Clause: Forcing endless battles is banned
|rule|HP Percentage Mod: HP is shown in percentages
|rule|One Boost Passer Clause: Limit one Baton Passer that has a way to boost its stats
|rule|Freeze Clause Mod: Limit one foe frozen
|
|t:|1727888937
|start
|switch|p1a: Araguaney|Zapdos|100/100
|switch|p2a: white herb|Metagross|100/100
|turn|1
|c|☆the band pet|glhf
|c|☆Mafx|glhf
|
|t:|1727888963
|move|p1a: Araguaney|Substitute|p1a: Araguaney
|-start|p1a: Araguaney|Substitute
|-damage|p1a: Araguaney|76/100
|move|p2a: white herb|Rock Slide|p1a: Araguaney
|-supereffective|p1a: Araguaney
|-end|p1a: Araguaney|Substitute
|
|-heal|p1a: Araguaney|82/100|[from] item: Leftovers
|upkeep
|turn|2
|
|t:|1727888976
|switch|p1a: Delta Amacuro|Swampert, M|100/100
|move|p2a: white herb|Meteor Mash|p1a: Delta Amacuro
|-resisted|p1a: Delta Amacuro
|-damage|p1a: Delta Amacuro|82/100
|-boost|p2a: white herb|atk|1
|
|-heal|p1a: Delta Amacuro|88/100|[from] item: Leftovers
|upkeep
|turn|3
|
|t:|1727888987
|switch|p2a: choice band|Celebi|100/100
|move|p1a: Delta Amacuro|Earthquake|p2a: choice band
|-resisted|p2a: choice band
|-damage|p2a: choice band|83/100
|
|-heal|p2a: choice band|89/100|[from] item: Leftovers
|-heal|p1a: Delta Amacuro|94/100|[from] item: Leftovers
|upkeep
|turn|4
|
|t:|1727889000
|switch|p1a: Bubbaloo|Forretress, M|100/100
|move|p2a: choice band|Calm Mind|p2a: choice band
|-boost|p2a: choice band|spa|1
|-boost|p2a: choice band|spd|1
|
|-heal|p2a: choice band|95/100|[from] item: Leftovers
|upkeep
|turn|5
|
|t:|1727889009
|switch|p2a: petaya berry|Magneton|100/100
|move|p1a: Bubbaloo|Spikes|p2a: petaya berry
|-sidestart|p2: the band pet|Spikes
|
|upkeep
|turn|6
|
|t:|1727889015
|move|p2a: petaya berry|Hidden Power|p1a: Bubbaloo
|-supereffective|p1a: Bubbaloo
|-crit|p1a: Bubbaloo
|-damage|p1a: Bubbaloo|0 fnt
|faint|p1a: Bubbaloo
|
|t:|1727889019
|switch|p1a: Guacharo|Dugtrio, M|100/100
|
|upkeep
|turn|7
|
|t:|1727889022
|move|p1a: Guacharo|Earthquake|p2a: petaya berry
|-supereffective|p2a: petaya berry
|-damage|p2a: petaya berry|0 fnt
|faint|p2a: petaya berry
|
|t:|1727889033
|switch|p2a: choice band|Celebi|95/100
|-damage|p2a: choice band|82/100|[from] Spikes
|
|-heal|p2a: choice band|89/100|[from] item: Leftovers
|upkeep
|turn|8
|
|t:|1727889044
|switch|p1a: Araguaney|Zapdos|82/100
|move|p2a: choice band|Calm Mind|p2a: choice band
|-boost|p2a: choice band|spa|1
|-boost|p2a: choice band|spd|1
|
|-heal|p2a: choice band|95/100|[from] item: Leftovers
|-heal|p1a: Araguaney|88/100|[from] item: Leftovers
|upkeep
|turn|9
|
|t:|1727889052
|move|p2a: choice band|Hidden Power|p1a: Araguaney
|-supereffective|p1a: Araguaney
|-damage|p1a: Araguaney|29/100
|move|p1a: Araguaney|Substitute|p1a: Araguaney
|-start|p1a: Araguaney|Substitute
|-damage|p1a: Araguaney|4/100
|
|-heal|p2a: choice band|100/100|[from] item: Leftovers
|-heal|p1a: Araguaney|10/100|[from] item: Leftovers
|upkeep
|turn|10
|
|t:|1727889063
|move|p2a: choice band|Hidden Power|p1a: Araguaney
|-supereffective|p1a: Araguaney
|-end|p1a: Araguaney|Substitute
|move|p1a: Araguaney|Baton Pass|p1a: Araguaney
|inactive|Mafx has 270 seconds left.
|inactive|Mafx has 240 seconds left.
|
|t:|1727889124
|switch|p1a: Maracaibo Lake|Suicune|100/100|[from] Baton Pass
|
|upkeep
|turn|11
|
|t:|1727889132
|move|p2a: choice band|Giga Drain|p1a: Maracaibo Lake
|-supereffective|p1a: Maracaibo Lake
|-damage|p1a: Maracaibo Lake|45/100
|move|p1a: Maracaibo Lake|Calm Mind|p1a: Maracaibo Lake
|-boost|p1a: Maracaibo Lake|spa|1
|-boost|p1a: Maracaibo Lake|spd|1
|
|-heal|p1a: Maracaibo Lake|51/100|[from] item: Leftovers
|upkeep
|turn|12
|
|t:|1727889141
|move|p2a: choice band|Calm Mind|p2a: choice band
|-boost|p2a: choice band|spa|1
|-boost|p2a: choice band|spd|1
|move|p1a: Maracaibo Lake|Ice Beam|p2a: choice band
|-supereffective|p2a: choice band
|-damage|p2a: choice band|66/100
|-status|p2a: choice band|frz
|
|-heal|p2a: choice band|72/100 frz|[from] item: Leftovers
|-heal|p1a: Maracaibo Lake|57/100|[from] item: Leftovers
|upkeep
|turn|13
|
|t:|1727889151
|cant|p2a: choice band|frz
|move|p1a: Maracaibo Lake|Calm Mind|p1a: Maracaibo Lake
|-boost|p1a: Maracaibo Lake|spa|1
|-boost|p1a: Maracaibo Lake|spd|1
|
|-heal|p2a: choice band|78/100 frz|[from] item: Leftovers
|-heal|p1a: Maracaibo Lake|64/100|[from] item: Leftovers
|upkeep
|turn|14
|
|t:|1727889158
|cant|p2a: choice band|frz
|move|p1a: Maracaibo Lake|Roar|p2a: choice band
|-curestatus|p2a: choice band|frz|[from] ability: Natural Cure
|drag|p2a: mud slap|Heracross, F|100/100
|-damage|p2a: mud slap|88/100|[from] Spikes
|
|-heal|p1a: Maracaibo Lake|70/100|[from] item: Leftovers
|upkeep
|turn|15
|
|t:|1727889174
|move|p2a: mud slap|Megahorn|p1a: Maracaibo Lake
|-damage|p1a: Maracaibo Lake|16/100
|move|p1a: Maracaibo Lake|Surf|p2a: mud slap
|-damage|p2a: mud slap|8/100
|
|-enditem|p2a: mud slap|Salac Berry|[eat]
|-boost|p2a: mud slap|spe|1|[from] item: Salac Berry
|-heal|p1a: Maracaibo Lake|22/100|[from] item: Leftovers
|upkeep
|turn|16
|
|t:|1727889198
|move|p2a: mud slap|Rock Slide|p1a: Maracaibo Lake
|-damage|p1a: Maracaibo Lake|2/100
|move|p1a: Maracaibo Lake|Surf|p2a: mud slap
|-damage|p2a: mud slap|0 fnt
|faint|p2a: mud slap
|
|t:|1727889208
|switch|p2a: choice band|Celebi|78/100
|-damage|p2a: choice band|65/100|[from] Spikes
|
|-heal|p2a: choice band|72/100|[from] item: Leftovers
|-heal|p1a: Maracaibo Lake|8/100|[from] item: Leftovers
|upkeep
|turn|17
|
|t:|1727889217
|move|p2a: choice band|Giga Drain|p1a: Maracaibo Lake
|-supereffective|p1a: Maracaibo Lake
|-damage|p1a: Maracaibo Lake|0 fnt
|-heal|p2a: choice band|76/100|[from] drain|[of] p1a: Maracaibo Lake
|faint|p1a: Maracaibo Lake
|inactive|Mafx has 240 seconds left.
|
|t:|1727889245
|switch|p1a: Guacharo|Dugtrio, M|100/100
|
|-heal|p2a: choice band|82/100|[from] item: Leftovers
|upkeep
|turn|18
|inactive|Mafx has 240 seconds left.
|
|t:|1727889251
|move|p1a: Guacharo|Hidden Power|p2a: choice band
|-supereffective|p2a: choice band
|-damage|p2a: choice band|0 fnt
|faint|p2a: choice band
|
|t:|1727889261
|switch|p2a: heraacross|Suicune|100/100
|-damage|p2a: heraacross|88/100|[from] Spikes
|
|-heal|p2a: heraacross|94/100|[from] item: Leftovers
|upkeep
|turn|19
|inactive|Mafx has 240 seconds left.
|
|t:|1727889305
|switch|p1a: Delta Amacuro|Swampert, M|94/100
|move|p2a: heraacross|Surf|p1a: Delta Amacuro
|-damage|p1a: Delta Amacuro|63/100
|
|-heal|p2a: heraacross|100/100|[from] item: Leftovers
|-heal|p1a: Delta Amacuro|69/100|[from] item: Leftovers
|upkeep
|turn|20
|
|t:|1727889318
|move|p2a: heraacross|Calm Mind|p2a: heraacross
|-boost|p2a: heraacross|spa|1
|-boost|p2a: heraacross|spd|1
|move|p1a: Delta Amacuro|Earthquake|p2a: heraacross
|-damage|p2a: heraacross|72/100
|
|-heal|p2a: heraacross|78/100|[from] item: Leftovers
|-heal|p1a: Delta Amacuro|76/100|[from] item: Leftovers
|upkeep
|turn|21
|
|t:|1727889331
|move|p2a: heraacross|Calm Mind|p2a: heraacross
|-boost|p2a: heraacross|spa|1
|-boost|p2a: heraacross|spd|1
|move|p1a: Delta Amacuro|Earthquake|p2a: heraacross
|-damage|p2a: heraacross|49/100
|
|-heal|p2a: heraacross|55/100|[from] item: Leftovers
|-heal|p1a: Delta Amacuro|82/100|[from] item: Leftovers
|upkeep
|turn|22
|
|t:|1727889344
|-singleturn|p1a: Delta Amacuro|move: Focus Punch
|move|p2a: heraacross|Surf|p1a: Delta Amacuro
|-damage|p1a: Delta Amacuro|18/100
|move|p1a: Delta Amacuro|Focus Punch||[still]
|cant|p1a: Delta Amacuro|Focus Punch|Focus Punch
|
|-heal|p2a: heraacross|62/100|[from] item: Leftovers
|-heal|p1a: Delta Amacuro|25/100|[from] item: Leftovers
|upkeep
|turn|23
|
|t:|1727889353
|move|p2a: heraacross|Surf|p1a: Delta Amacuro
|-damage|p1a: Delta Amacuro|0 fnt
|faint|p1a: Delta Amacuro
|
|t:|1727889358
|switch|p1a: Silbon|Gengar, F|100/100
|
|-heal|p2a: heraacross|68/100|[from] item: Leftovers
|upkeep
|turn|24
|
|t:|1727889371
|move|p1a: Silbon|Explosion|p2a: heraacross
|-damage|p2a: heraacross|12/100
|faint|p1a: Silbon
|
|t:|1727889375
|switch|p1a: Guacharo|Dugtrio, M|100/100
|
|-heal|p2a: heraacross|18/100|[from] item: Leftovers
|upkeep
|turn|25
|
|t:|1727889382
|move|p1a: Guacharo|Earthquake|p2a: heraacross
|-damage|p2a: heraacross|0 fnt
|faint|p2a: heraacross
|
|t:|1727889385
|switch|p2a: ninjaask|Snorlax, F|100/100
|-damage|p2a: ninjaask|88/100|[from] Spikes
|
|-heal|p2a: ninjaask|94/100|[from] item: Leftovers
|upkeep
|turn|26
|
|t:|1727889395
|move|p1a: Guacharo|Earthquake|p2a: ninjaask
|-damage|p2a: ninjaask|43/100
|move|p2a: ninjaask|Body Slam|p1a: Guacharo
|-damage|p1a: Guacharo|0 fnt
|faint|p1a: Guacharo
|
|t:|1727889401
|switch|p1a: Araguaney|Zapdos|10/100
|
|-heal|p1a: Araguaney|16/100|[from] item: Leftovers
|-heal|p2a: ninjaask|50/100|[from] item: Leftovers
|upkeep
|turn|27
|
|t:|1727889408
|move|p1a: Araguaney|Thunderbolt|p2a: ninjaask
|-damage|p2a: ninjaask|19/100
|move|p2a: ninjaask|Body Slam|p1a: Araguaney
|-damage|p1a: Araguaney|0 fnt
|faint|p1a: Araguaney
|
|win|the band pet
|c|☆the band pet|gg
|c|☆Mafx|gg

</script>
<script type="application/json" class="data" id="replaydata-smogtours-gen3ou-793977">
{"id":"smogtours-gen3ou-793977","format":"[Gen 3] OU","players":["Mafx","the band pet"],"uploadtime":1727889408,"views":98,"formatid":"gen3ou","rating":null,"private":0,"password":null}
</script>

<script defer src="js/replays.js?9d40a366"></script>
