<!DOCTYPE html>
<meta charset="utf-8" />
<meta name="viewport" content="width=device-width" />

<title>[Gen 3] OU: GarhamSandich vs. Void - Replays - Pok&eacute;mon Showdown!</title>

<meta name="description" content="Watch a replay of a Pok&eacute;mon battle between GarhamSandich and Void! Format: [Gen 3] OU; Date: Oct 20, 2024" />
<!--

Hey, you! Looking in the source for the replay log?

You can find them in JSON format, just add `.json` at the end of a replay URL.

https://replay.pokemonshowdown.com/gen7randomdoublesbattle-865046831.json

Or, if you only need the log itself, add `.log` instead:

https://replay.pokemonshowdown.com/gen7randomdoublesbattle-865046831.log

-->

<link rel="stylesheet" href="//pokemonshowdown.com/style/global.css?0.023195364461161105" />
<link rel="stylesheet" href="//play.pokemonshowdown.com/style/font-awesome.css?0.13261647063804238" />
<link rel="stylesheet" href="//play.pokemonshowdown.com/style/battle.css?0.8753245789963631" />
<link rel="stylesheet" href="//play.pokemonshowdown.com/style/utilichart.css?0.8627959624976733" />

<!-- Global site tag (gtag.js) - Google Analytics -->
<script async src="https://www.googletagmanager.com/gtag/js?id=UA-26211653-1"></script>
<script>
  window.dataLayer = window.dataLayer || [];
  function gtag(){dataLayer.push(arguments);}
  gtag('js', new Date());

  gtag('config', 'UA-26211653-1');
</script>
<!-- End Google Analytics -->
<!-- Venatus Ad Manager - Install in <HEAD> of page -->
	<script src="https://hb.vntsm.com/v3/live/ad-manager.min.js" type="text/javascript" data-site-id="642aba63ec9a7b11c3c9c1be" data-mode="scan" async></script>
<!-- / Venatus Ad Manager -->

<style>
	@media (max-width:820px) {
		.battle {
			margin: 0 auto;
		}
		.battle-log {
			margin: 7px auto 0;
			max-width: 640px;
			height: 300px;
			position: static;
		}
	}
	.optgroup {
		display: inline-block;
		line-height: 22px;
		font-size: 10pt;
	}
	.optgroup .button {
		height: 25px;
		padding-top: 0;
		padding-bottom: 0;
	}
	.optgroup button.button {
		padding-left: 12px;
		padding-right: 12px;
	}
	.linklist {
		list-style: none;
		margin: 0.5em 0;
		padding: 0;
	}
	.linklist li {
		padding: 2px 0;
	}
	.sidebar {
		float: left;
		width: 320px;
	}
	.bar-wrapper {
		max-width: 1100px;
		margin: 0 auto;
	}
	.bar-wrapper.has-sidebar {
		max-width: 1430px;
	}
	.mainbar {
		margin: 0;
		padding-right: 1px;
	}
	.mainbar.has-sidebar {
		margin-left: 330px;
	}
	@media (min-width: 1511px) {
		.sidebar {
			width: 400px;
		}
		.bar-wrapper.has-sidebar {
			max-width: 1510px;
		}
		.mainbar.has-sidebar {
			margin-left: 410px;
		}
	}
	.section.first-section {
		margin-top: 9px;
	}
	.blocklink small {
		white-space: normal;
	}
	.button {
		vertical-align: middle;
	}
	.replay-controls {
		padding-top: 10px;
	}
	.replay-controls h1 {
		font-size: 16pt;
		font-weight: normal;
		color: #CCC;
	}
	.pagelink {
		text-align: center;
	}
	.pagelink a {
		width: 150px;
	}
	.textbox, .button {
		font-size: 11pt;
		vertical-align: middle;
	}
	@media (max-width: 450px) {
		.button {
			font-size: 9pt;
		}
	}
</style>

<div>

	<header>
		<div class="nav-wrapper"><ul class="nav">
			<li><a class="button nav-first" href="//pokemonshowdown.com/"><img src="//pokemonshowdown.com/images/pokemonshowdownbeta.png" srcset="//pokemonshowdown.com/images/pokemonshowdownbeta.png 1x, //pokemonshowdown.com/images/pokemonshowdownbeta@2x.png 2x" alt="Pok&eacute;mon Showdown" width="146" height="44" /> Home</a></li>
			<li><a class="button" href="//pokemonshowdown.com/dex/">Pok&eacute;dex</a></li>
			<li><a class="button cur" href="/">Replays</a></li>
			<li><a class="button" href="//pokemonshowdown.com/ladder/">Ladder</a></li>
			<li><a class="button nav-last" href="//pokemonshowdown.com/forums/">Forum</a></li>
			<li><a class="button greenbutton nav-first nav-last" href="//play.pokemonshowdown.com/">Play</a></li>
		</ul></div>
	</header>

	<div class="main" id="main">

		<noscript><section class="section">You need to enable JavaScript to use this page; sorry!</section></noscript>

	</div>

</div>

<script defer nomodule src="//play.pokemonshowdown.com/js/lib/ps-polyfill.js"></script>
<script defer src="//play.pokemonshowdown.com/js/lib/preact.min.js"></script>

<script defer src="//play.pokemonshowdown.com/config/config.js?2bddbc15"></script>
<script defer src="//play.pokemonshowdown.com/js/lib/jquery-1.11.0.min.js"></script>
<script defer src="//play.pokemonshowdown.com/js/lib/html-sanitizer-minified.js"></script>
<script defer src="//play.pokemonshowdown.com/js/battle-sound.js"></script>
<script defer src="//play.pokemonshowdown.com/js/battledata.js?0.7209276989879541"></script>
<script defer src="//play.pokemonshowdown.com/data/pokedex-mini.js?0.6111056340867951"></script>
<script defer src="//play.pokemonshowdown.com/data/pokedex-mini-bw.js?0.3532142036491459"></script>
<script defer src="//play.pokemonshowdown.com/data/graphics.js?0.24223875632456182"></script>
<script defer src="//play.pokemonshowdown.com/data/pokedex.js?0.38839984266356864"></script>
<script defer src="//play.pokemonshowdown.com/data/moves.js?0.21866028504024015"></script>
<script defer src="//play.pokemonshowdown.com/data/abilities.js?0.2005157953846628"></script>
<script defer src="//play.pokemonshowdown.com/data/items.js?0.9894211263848525"></script>
<script defer src="//play.pokemonshowdown.com/data/teambuilder-tables.js?0.6008791140282215"></script>
<script defer src="//play.pokemonshowdown.com/js/battle-tooltips.js?0.7580118955022959"></script>
<script defer src="//play.pokemonshowdown.com/js/battle.js?0.6057722274234274"></script>

<script defer src="js/utils.js?e31f9a17"></script>
<script defer src="js/replays-battle.js?7008c182"></script>

<!-- don't scrape this data! just add .json or .log after the URL!
Full API docs: https://github.com/smogon/pokemon-showdown-client/blob/master/WEB-API.md -->
<script type="text/plain" class="log" id="replaylog-smogtours-gen3ou-800724">
|inactive|Battle timer is ON: inactive players will automatically lose when time's up.
|t:|1729453341
|gametype|singles
|player|p1|GarhamSandich|265|
|player|p2|Void|#splxvwolfpack|
|teamsize|p1|6
|teamsize|p2|6
|gen|3
|tier|[Gen 3] OU
|rule|Sleep Clause Mod: Limit one foe put to sleep
|rule|Switch Priority Clause Mod: Faster Pokémon switch first
|rule|Species Clause: Limit one of each Pokémon
|rule|OHKO Clause: OHKO moves are banned
|rule|Evasion Items Clause: Evasion items are banned
|rule|Evasion Moves Clause: Evasion moves are banned
|rule|Endless Battle Clause: Forcing endless battles is banned
|rule|HP Percentage Mod: HP is shown in percentages
|rule|One Boost Passer Clause: Limit one Baton Passer that has a way to boost its stats
|rule|Freeze Clause Mod: Limit one foe frozen
|
|t:|1729453341
|start
|switch|p1a: Zapdos|Zapdos|100/100
|switch|p2a: Blissey|Blissey, F|100/100
|turn|1
|
|t:|1729453358
|move|p1a: Zapdos|Baton Pass|p1a: Zapdos
|
|t:|1729453359
|switch|p1a: Celebi|Celebi|100/100|[from] Baton Pass
|move|p2a: Blissey|Ice Beam|p1a: Celebi
|-supereffective|p1a: Celebi
|-damage|p1a: Celebi|61/100
|
|-heal|p1a: Celebi|67/100|[from] item: Leftovers
|upkeep
|turn|2
|
|t:|1729453368
|move|p1a: Celebi|Calm Mind|p1a: Celebi
|-boost|p1a: Celebi|spa|1
|-boost|p1a: Celebi|spd|1
|move|p2a: Blissey|Ice Beam|p1a: Celebi
|-supereffective|p1a: Celebi
|-damage|p1a: Celebi|42/100
|
|-heal|p1a: Celebi|49/100|[from] item: Leftovers
|upkeep
|turn|3
|
|t:|1729453372
|switch|p2a: Dugtrio|Dugtrio, M|100/100
|move|p1a: Celebi|Baton Pass|p1a: Celebi
|
|t:|1729453375
|switch|p1a: Jolteon|Jolteon, M|100/100|[from] Baton Pass
|
|upkeep
|turn|4
|
|t:|1729453384
|switch|p2a: Blissey|Blissey, F|100/100
|move|p1a: Jolteon|Baton Pass|p1a: Jolteon
|
|t:|1729453386
|switch|p1a: Dugtrio|Dugtrio, M|100/100|[from] Baton Pass
|
|upkeep
|turn|5
|
|t:|1729453390
|move|p1a: Dugtrio|Beat Up|p2a: Blissey
|-damage|p2a: Blissey|92/100
|-damage|p2a: Blissey|82/100
|-damage|p2a: Blissey|72/100
|-damage|p2a: Blissey|57/100
|-damage|p2a: Blissey|44/100
|-damage|p2a: Blissey|36/100
|-hitcount|p2a: Blissey|6
|move|p2a: Blissey|Soft-Boiled|p2a: Blissey
|-heal|p2a: Blissey|86/100
|
|-heal|p2a: Blissey|92/100|[from] item: Leftovers
|upkeep
|turn|6
|
|t:|1729453400
|move|p1a: Dugtrio|Beat Up|p2a: Blissey
|-crit|p2a: Blissey
|-damage|p2a: Blissey|74/100
|-damage|p2a: Blissey|63/100
|-damage|p2a: Blissey|53/100
|-damage|p2a: Blissey|38/100
|-damage|p2a: Blissey|26/100
|-damage|p2a: Blissey|18/100
|-hitcount|p2a: Blissey|6
|move|p2a: Blissey|Soft-Boiled|p2a: Blissey
|-heal|p2a: Blissey|68/100
|
|-heal|p2a: Blissey|74/100|[from] item: Leftovers
|upkeep
|turn|7
|
|t:|1729453404
|move|p1a: Dugtrio|Beat Up|p2a: Blissey
|-damage|p2a: Blissey|65/100
|-damage|p2a: Blissey|55/100
|-damage|p2a: Blissey|45/100
|-damage|p2a: Blissey|28/100
|-damage|p2a: Blissey|16/100
|-damage|p2a: Blissey|9/100
|-hitcount|p2a: Blissey|6
|move|p2a: Blissey|Soft-Boiled|p2a: Blissey
|-heal|p2a: Blissey|59/100
|
|-heal|p2a: Blissey|65/100|[from] item: Leftovers
|upkeep
|turn|8
|
|t:|1729453409
|move|p1a: Dugtrio|Beat Up|p2a: Blissey
|-damage|p2a: Blissey|55/100
|-damage|p2a: Blissey|45/100
|-damage|p2a: Blissey|35/100
|-damage|p2a: Blissey|19/100
|-damage|p2a: Blissey|8/100
|-damage|p2a: Blissey|1/100
|-hitcount|p2a: Blissey|6
|move|p2a: Blissey|Ice Beam|p1a: Dugtrio
|-supereffective|p1a: Dugtrio
|-damage|p1a: Dugtrio|49/100
|
|-heal|p2a: Blissey|7/100|[from] item: Leftovers
|upkeep
|turn|9
|
|t:|1729453412
|move|p1a: Dugtrio|Beat Up|p2a: Blissey
|-damage|p2a: Blissey|0 fnt
|-hitcount|p2a: Blissey|1
|faint|p2a: Blissey
|
|t:|1729453414
|switch|p2a: Skarmory|Skarmory, M|100/100
|
|upkeep
|turn|10
|
|t:|1729453418
|switch|p1a: Zapdos|Zapdos|100/100
|move|p2a: Skarmory|Spikes|p1a: Zapdos
|-sidestart|p1: GarhamSandich|Spikes
|
|upkeep
|turn|11
|
|t:|1729453424
|switch|p2a: Claydol|Claydol|100/100
|move|p1a: Zapdos|Substitute|p1a: Zapdos
|-start|p1a: Zapdos|Substitute
|-damage|p1a: Zapdos|75/100
|
|-heal|p1a: Zapdos|82/100|[from] item: Leftovers
|upkeep
|turn|12
|
|t:|1729453428
|move|p1a: Zapdos|Hidden Power|p2a: Claydol
|-supereffective|p2a: Claydol
|-damage|p2a: Claydol|63/100
|move|p2a: Claydol|Psychic|p1a: Zapdos
|-end|p1a: Zapdos|Substitute
|
|-heal|p1a: Zapdos|88/100|[from] item: Leftovers
|-heal|p2a: Claydol|70/100|[from] item: Leftovers
|upkeep
|turn|13
|
|t:|1729453441
|move|p1a: Zapdos|Hidden Power|p2a: Claydol
|-supereffective|p2a: Claydol
|-damage|p2a: Claydol|27/100
|move|p2a: Claydol|Psychic|p1a: Zapdos
|-damage|p1a: Zapdos|61/100
|
|-heal|p1a: Zapdos|67/100|[from] item: Leftovers
|-heal|p2a: Claydol|33/100|[from] item: Leftovers
|upkeep
|turn|14
|
|t:|1729453449
|switch|p2a: Milotic|Milotic, F|100/100
|move|p1a: Zapdos|Hidden Power|p2a: Milotic
|-supereffective|p2a: Milotic
|-damage|p2a: Milotic|66/100
|
|-heal|p1a: Zapdos|73/100|[from] item: Leftovers
|-heal|p2a: Milotic|72/100|[from] item: Leftovers
|upkeep
|turn|15
|
|t:|1729453455
|switch|p2a: Claydol|Claydol|33/100
|move|p1a: Zapdos|Substitute|p1a: Zapdos
|-start|p1a: Zapdos|Substitute
|-damage|p1a: Zapdos|48/100
|
|-heal|p1a: Zapdos|55/100|[from] item: Leftovers
|-heal|p2a: Claydol|39/100|[from] item: Leftovers
|upkeep
|turn|16
|
|t:|1729453464
|switch|p2a: Skarmory|Skarmory, M|100/100
|move|p1a: Zapdos|Hidden Power|p2a: Skarmory
|-resisted|p2a: Skarmory
|-damage|p2a: Skarmory|94/100
|
|-heal|p1a: Zapdos|61/100|[from] item: Leftovers
|-heal|p2a: Skarmory|100/100|[from] item: Leftovers
|upkeep
|turn|17
|
|t:|1729453469
|move|p1a: Zapdos|Thunderbolt|p2a: Skarmory
|-supereffective|p2a: Skarmory
|-damage|p2a: Skarmory|5/100
|move|p2a: Skarmory|Roar|p1a: Zapdos
|drag|p1a: Starmie|Starmie|100/100
|-damage|p1a: Starmie|88/100|[from] Spikes
|
|-heal|p1a: Starmie|94/100|[from] item: Leftovers
|-heal|p2a: Skarmory|11/100|[from] item: Leftovers
|upkeep
|turn|18
|
|t:|1729453479
|move|p2a: Skarmory|Protect|p2a: Skarmory
|-singleturn|p2a: Skarmory|Protect
|move|p1a: Starmie|Hydro Pump|p2a: Skarmory
|-activate|p2a: Skarmory|Protect
|
|-heal|p1a: Starmie|100/100|[from] item: Leftovers
|-heal|p2a: Skarmory|17/100|[from] item: Leftovers
|upkeep
|turn|19
|
|t:|1729453482
|switch|p2a: Milotic|Milotic, F|72/100
|move|p1a: Starmie|Thunderbolt|p2a: Milotic
|-supereffective|p2a: Milotic
|-damage|p2a: Milotic|34/100
|
|-heal|p2a: Milotic|40/100|[from] item: Leftovers
|upkeep
|turn|20
|
|t:|1729453485
|move|p1a: Starmie|Thunderbolt|p2a: Milotic
|-supereffective|p2a: Milotic
|-damage|p2a: Milotic|0 fnt
|faint|p2a: Milotic
|
|t:|1729453490
|switch|p2a: Suicune|Suicune|100/100
|
|upkeep
|turn|21
|
|t:|1729453494
|switch|p1a: Zapdos|Zapdos|61/100
|move|p2a: Suicune|Calm Mind|p2a: Suicune
|-boost|p2a: Suicune|spa|1
|-boost|p2a: Suicune|spd|1
|
|-heal|p1a: Zapdos|67/100|[from] item: Leftovers
|upkeep
|turn|22
|
|t:|1729453497
|move|p1a: Zapdos|Thunderbolt|p2a: Suicune
|-supereffective|p2a: Suicune
|-damage|p2a: Suicune|50/100
|-status|p2a: Suicune|par
|move|p2a: Suicune|Calm Mind|p2a: Suicune
|-boost|p2a: Suicune|spa|1
|-boost|p2a: Suicune|spd|1
|
|-heal|p1a: Zapdos|73/100|[from] item: Leftovers
|-heal|p2a: Suicune|56/100 par|[from] item: Leftovers
|upkeep
|turn|23
|inactive|Void has 270 seconds left.
|
|t:|1729453552
|move|p1a: Zapdos|Thunderbolt|p2a: Suicune
|-supereffective|p2a: Suicune
|-damage|p2a: Suicune|16/100 par
|move|p2a: Suicune|Calm Mind|p2a: Suicune
|-boost|p2a: Suicune|spa|1
|-boost|p2a: Suicune|spd|1
|
|-heal|p1a: Zapdos|80/100|[from] item: Leftovers
|-heal|p2a: Suicune|22/100 par|[from] item: Leftovers
|upkeep
|turn|24
|
|t:|1729453556
|move|p1a: Zapdos|Thunderbolt|p2a: Suicune
|-supereffective|p2a: Suicune
|-damage|p2a: Suicune|0 fnt
|faint|p2a: Suicune
|c|☆Void|gg
|-message|Void forfeited.
|
|win|GarhamSandich
|player|p2|
|c|☆GarhamSandich|gg

</script>
<script type="application/json" class="data" id="replaydata-smogtours-gen3ou-800724">
{"id":"smogtours-gen3ou-800724","format":"[Gen 3] OU","players":["GarhamSandich","Void"],"uploadtime":1729453563,"views":88,"formatid":"gen3ou","rating":null,"private":0,"password":null}
</script>

<script defer src="js/replays.js?9d40a366"></script>
