<!DOCTYPE html>
<meta charset="utf-8" />
<meta name="viewport" content="width=device-width" />

<title>[Gen 3] OU: GreenCatKid vs. ComSeal - Replays - Pok&eacute;mon Showdown!</title>

<meta name="description" content="Watch a replay of a Pok&eacute;mon battle between GreenCatKid and ComSeal! Format: [Gen 3] OU; Date: Oct 19, 2024" />
<!--

Hey, you! Looking in the source for the replay log?

You can find them in JSON format, just add `.json` at the end of a replay URL.

https://replay.pokemonshowdown.com/gen7randomdoublesbattle-865046831.json

Or, if you only need the log itself, add `.log` instead:

https://replay.pokemonshowdown.com/gen7randomdoublesbattle-865046831.log

-->

<link rel="stylesheet" href="//pokemonshowdown.com/style/global.css?0.023195364461161105" />
<link rel="stylesheet" href="//play.pokemonshowdown.com/style/font-awesome.css?0.13261647063804238" />
<link rel="stylesheet" href="//play.pokemonshowdown.com/style/battle.css?0.8753245789963631" />
<link rel="stylesheet" href="//play.pokemonshowdown.com/style/utilichart.css?0.8627959624976733" />

<!-- Global site tag (gtag.js) - Google Analytics -->
<script async src="https://www.googletagmanager.com/gtag/js?id=UA-26211653-1"></script>
<script>
  window.dataLayer = window.dataLayer || [];
  function gtag(){dataLayer.push(arguments);}
  gtag('js', new Date());

  gtag('config', 'UA-26211653-1');
</script>
<!-- End Google Analytics -->
<!-- Venatus Ad Manager - Install in <HEAD> of page -->
	<script src="https://hb.vntsm.com/v3/live/ad-manager.min.js" type="text/javascript" data-site-id="642aba63ec9a7b11c3c9c1be" data-mode="scan" async></script>
<!-- / Venatus Ad Manager -->

<style>
	@media (max-width:820px) {
		.battle {
			margin: 0 auto;
		}
		.battle-log {
			margin: 7px auto 0;
			max-width: 640px;
			height: 300px;
			position: static;
		}
	}
	.optgroup {
		display: inline-block;
		line-height: 22px;
		font-size: 10pt;
	}
	.optgroup .button {
		height: 25px;
		padding-top: 0;
		padding-bottom: 0;
	}
	.optgroup button.button {
		padding-left: 12px;
		padding-right: 12px;
	}
	.linklist {
		list-style: none;
		margin: 0.5em 0;
		padding: 0;
	}
	.linklist li {
		padding: 2px 0;
	}
	.sidebar {
		float: left;
		width: 320px;
	}
	.bar-wrapper {
		max-width: 1100px;
		margin: 0 auto;
	}
	.bar-wrapper.has-sidebar {
		max-width: 1430px;
	}
	.mainbar {
		margin: 0;
		padding-right: 1px;
	}
	.mainbar.has-sidebar {
		margin-left: 330px;
	}
	@media (min-width: 1511px) {
		.sidebar {
			width: 400px;
		}
		.bar-wrapper.has-sidebar {
			max-width: 1510px;
		}
		.mainbar.has-sidebar {
			margin-left: 410px;
		}
	}
	.section.first-section {
		margin-top: 9px;
	}
	.blocklink small {
		white-space: normal;
	}
	.button {
		vertical-align: middle;
	}
	.replay-controls {
		padding-top: 10px;
	}
	.replay-controls h1 {
		font-size: 16pt;
		font-weight: normal;
		color: #CCC;
	}
	.pagelink {
		text-align: center;
	}
	.pagelink a {
		width: 150px;
	}
	.textbox, .button {
		font-size: 11pt;
		vertical-align: middle;
	}
	@media (max-width: 450px) {
		.button {
			font-size: 9pt;
		}
	}
</style>

<div>

	<header>
		<div class="nav-wrapper"><ul class="nav">
			<li><a class="button nav-first" href="//pokemonshowdown.com/"><img src="//pokemonshowdown.com/images/pokemonshowdownbeta.png" srcset="//pokemonshowdown.com/images/pokemonshowdownbeta.png 1x, //pokemonshowdown.com/images/pokemonshowdownbeta@2x.png 2x" alt="Pok&eacute;mon Showdown" width="146" height="44" /> Home</a></li>
			<li><a class="button" href="//pokemonshowdown.com/dex/">Pok&eacute;dex</a></li>
			<li><a class="button cur" href="/">Replays</a></li>
			<li><a class="button" href="//pokemonshowdown.com/ladder/">Ladder</a></li>
			<li><a class="button nav-last" href="//pokemonshowdown.com/forums/">Forum</a></li>
			<li><a class="button greenbutton nav-first nav-last" href="//play.pokemonshowdown.com/">Play</a></li>
		</ul></div>
	</header>

	<div class="main" id="main">

		<noscript><section class="section">You need to enable JavaScript to use this page; sorry!</section></noscript>

	</div>

</div>

<script defer nomodule src="//play.pokemonshowdown.com/js/lib/ps-polyfill.js"></script>
<script defer src="//play.pokemonshowdown.com/js/lib/preact.min.js"></script>

<script defer src="//play.pokemonshowdown.com/config/config.js?2bddbc15"></script>
<script defer src="//play.pokemonshowdown.com/js/lib/jquery-1.11.0.min.js"></script>
<script defer src="//play.pokemonshowdown.com/js/lib/html-sanitizer-minified.js"></script>
<script defer src="//play.pokemonshowdown.com/js/battle-sound.js"></script>
<script defer src="//play.pokemonshowdown.com/js/battledata.js?0.7209276989879541"></script>
<script defer src="//play.pokemonshowdown.com/data/pokedex-mini.js?0.6111056340867951"></script>
<script defer src="//play.pokemonshowdown.com/data/pokedex-mini-bw.js?0.3532142036491459"></script>
<script defer src="//play.pokemonshowdown.com/data/graphics.js?0.24223875632456182"></script>
<script defer src="//play.pokemonshowdown.com/data/pokedex.js?0.38839984266356864"></script>
<script defer src="//play.pokemonshowdown.com/data/moves.js?0.21866028504024015"></script>
<script defer src="//play.pokemonshowdown.com/data/abilities.js?0.2005157953846628"></script>
<script defer src="//play.pokemonshowdown.com/data/items.js?0.9894211263848525"></script>
<script defer src="//play.pokemonshowdown.com/data/teambuilder-tables.js?0.6008791140282215"></script>
<script defer src="//play.pokemonshowdown.com/js/battle-tooltips.js?0.7580118955022959"></script>
<script defer src="//play.pokemonshowdown.com/js/battle.js?0.6057722274234274"></script>

<script defer src="js/utils.js?e31f9a17"></script>
<script defer src="js/replays-battle.js?7008c182"></script>

<!-- don't scrape this data! just add .json or .log after the URL!
Full API docs: https://github.com/smogon/pokemon-showdown-client/blob/master/WEB-API.md -->
<script type="text/plain" class="log" id="replaylog-smogtours-gen3ou-799948">
|inactive|Battle timer is ON: inactive players will automatically lose when time's up.
|t:|1729357222
|gametype|singles
|player|p1|GreenCatKid|fisherman-gen4|
|player|p2|ComSeal|pokemonrangerf|
|teamsize|p1|6
|teamsize|p2|6
|gen|3
|tier|[Gen 3] OU
|rule|Sleep Clause Mod: Limit one foe put to sleep
|rule|Switch Priority Clause Mod: Faster Pokémon switch first
|rule|Species Clause: Limit one of each Pokémon
|rule|OHKO Clause: OHKO moves are banned
|rule|Evasion Items Clause: Evasion items are banned
|rule|Evasion Moves Clause: Evasion moves are banned
|rule|Endless Battle Clause: Forcing endless battles is banned
|rule|HP Percentage Mod: HP is shown in percentages
|rule|One Boost Passer Clause: Limit one Baton Passer that has a way to boost its stats
|rule|Freeze Clause Mod: Limit one foe frozen
|
|t:|1729357222
|start
|switch|p1a: Smeargle|Smeargle, F|100/100
|switch|p2a: Glalie|Glalie, M|100/100
|turn|1
|inactive|GreenCatKid also wants the timer to be on.
|c|☆ComSeal|glhf :)
|c|☆GreenCatKid|u2 :3
|inactive|GreenCatKid has 270 seconds left.
|inactive|ComSeal has 270 seconds left.
|
|t:|1729357261
|move|p2a: Glalie|Explosion|p1a: Smeargle
|-damage|p1a: Smeargle|0 fnt
|faint|p2a: Glalie
|faint|p1a: Smeargle
|
|t:|1729357271
|switch|p2a: Smeargle|Smeargle, M|100/100
|switch|p1a: Glalie|Glalie, F|100/100
|
|upkeep
|turn|2
|c|☆ComSeal|interesting
|c|☆GreenCatKid|lmao
|inactive|ComSeal has 270 seconds left.
|
|t:|1729357311
|switch|p2a: Gengar|Gengar, M, shiny|100/100
|move|p1a: Glalie|Taunt|p2a: Gengar
|-start|p2a: Gengar|move: Taunt
|
|upkeep
|turn|3
|inactive|ComSeal has 270 seconds left.
|inactive|ComSeal has 240 seconds left.
|
|t:|1729357346
|-singleturn|p2a: Gengar|move: Focus Punch
|move|p1a: Glalie|Spikes|p2a: Gengar
|-sidestart|p2: ComSeal|Spikes
|move|p2a: Gengar|Focus Punch|p1a: Glalie
|-supereffective|p1a: Glalie
|-damage|p1a: Glalie|30/100
|
|-end|p2a: Gengar|move: Taunt|[silent]
|-heal|p1a: Glalie|36/100|[from] item: Leftovers
|upkeep
|turn|4
|inactive|ComSeal has 240 seconds left.
|
|t:|1729357363
|move|p2a: Gengar|Thunderbolt|p1a: Glalie
|-damage|p1a: Glalie|5/100
|move|p1a: Glalie|Ice Beam|p2a: Gengar
|-damage|p2a: Gengar|57/100
|
|-heal|p2a: Gengar|63/100|[from] item: Leftovers
|-heal|p1a: Glalie|11/100|[from] item: Leftovers
|upkeep
|turn|5
|
|t:|1729357385
|move|p2a: Gengar|Thunderbolt|p1a: Glalie
|-damage|p1a: Glalie|0 fnt
|faint|p1a: Glalie
|
|t:|1729357388
|switch|p1a: Tyranitar|Tyranitar, F|100/100
|-weather|Sandstorm|[from] ability: Sand Stream|[of] p1a: Tyranitar
|
|-weather|Sandstorm|[upkeep]
|-damage|p2a: Gengar|57/100|[from] Sandstorm
|-heal|p2a: Gengar|63/100|[from] item: Leftovers
|upkeep
|turn|6
|
|t:|1729357404
|switch|p2a: Swampert|Swampert, F|100/100
|-damage|p2a: Swampert|88/100|[from] Spikes
|switch|p1a: Gengar|Gengar, M|100/100
|
|-weather|Sandstorm|[upkeep]
|-damage|p1a: Gengar|94/100|[from] Sandstorm
|-heal|p1a: Gengar|100/100|[from] item: Leftovers
|-heal|p2a: Swampert|94/100|[from] item: Leftovers
|upkeep
|turn|7
|inactive|ComSeal has 240 seconds left.
|inactive|ComSeal has 210 seconds left.
|
|t:|1729357459
|switch|p2a: Aerodactyl|Aerodactyl, F|100/100
|move|p1a: Gengar|Hidden Power|p2a: Aerodactyl
|-damage|p2a: Aerodactyl|69/100
|
|-weather|Sandstorm|[upkeep]
|-damage|p1a: Gengar|94/100|[from] Sandstorm
|-heal|p1a: Gengar|100/100|[from] item: Leftovers
|upkeep
|turn|8
|inactive|ComSeal has 210 seconds left.
|
|t:|1729357478
|switch|p1a: Swampert|Swampert, M|100/100
|move|p2a: Aerodactyl|Substitute|p2a: Aerodactyl
|-start|p2a: Aerodactyl|Substitute
|-damage|p2a: Aerodactyl|44/100
|
|-weather|Sandstorm|[upkeep]
|upkeep
|turn|9
|
|t:|1729357483
|move|p2a: Aerodactyl|Hidden Power|p1a: Swampert
|-damage|p1a: Swampert|63/100
|move|p1a: Swampert|Ice Beam|p2a: Aerodactyl
|-supereffective|p2a: Aerodactyl
|-end|p2a: Aerodactyl|Substitute
|
|-weather|Sandstorm|[upkeep]
|-heal|p1a: Swampert|70/100|[from] item: Leftovers
|upkeep
|turn|10
|inactive|ComSeal has 210 seconds left.
|
|t:|1729357504
|switch|p2a: Smeargle|Smeargle, M|100/100
|-damage|p2a: Smeargle|88/100|[from] Spikes
|move|p1a: Swampert|Ice Beam|p2a: Smeargle
|-damage|p2a: Smeargle|47/100
|
|-weather|Sandstorm|[upkeep]
|-damage|p2a: Smeargle|41/100|[from] Sandstorm
|-heal|p1a: Swampert|76/100|[from] item: Leftovers
|upkeep
|turn|11
|
|t:|1729357519
|move|p2a: Smeargle|Spore|p1a: Swampert
|-status|p1a: Swampert|slp|[from] move: Spore
|cant|p1a: Swampert|slp
|
|-weather|Sandstorm|[upkeep]
|-damage|p2a: Smeargle|34/100|[from] Sandstorm
|-heal|p1a: Swampert|82/100 slp|[from] item: Leftovers
|upkeep
|turn|12
|
|t:|1729357527
|switch|p1a: Gengar|Gengar, M|100/100
|move|p2a: Smeargle|Thunder Wave|p1a: Gengar
|-status|p1a: Gengar|par
|
|-weather|Sandstorm|[upkeep]
|-damage|p2a: Smeargle|28/100|[from] Sandstorm
|-damage|p1a: Gengar|94/100 par|[from] Sandstorm
|-heal|p1a: Gengar|100/100 par|[from] item: Leftovers
|upkeep
|turn|13
|
|t:|1729357539
|move|p2a: Smeargle|Spikes|p1a: Gengar
|-sidestart|p1: GreenCatKid|Spikes
|move|p1a: Gengar|Thunderbolt|p2a: Smeargle
|-damage|p2a: Smeargle|0 fnt
|faint|p2a: Smeargle
|inactive|ComSeal has 210 seconds left.
|
|t:|1729357560
|switch|p2a: Aerodactyl|Aerodactyl, F|44/100
|
|-weather|Sandstorm|[upkeep]
|-damage|p1a: Gengar|94/100 par|[from] Sandstorm
|-heal|p1a: Gengar|100/100 par|[from] item: Leftovers
|upkeep
|turn|14
|inactive|ComSeal has 210 seconds left.
|
|t:|1729357589
|move|p2a: Aerodactyl|Substitute|p2a: Aerodactyl
|-start|p2a: Aerodactyl|Substitute
|-damage|p2a: Aerodactyl|19/100
|cant|p1a: Gengar|par
|
|-weather|Sandstorm|[upkeep]
|-damage|p1a: Gengar|94/100 par|[from] Sandstorm
|-enditem|p2a: Aerodactyl|Liechi Berry|[eat]
|-boost|p2a: Aerodactyl|atk|1|[from] item: Liechi Berry
|-heal|p1a: Gengar|100/100 par|[from] item: Leftovers
|upkeep
|turn|15
|
|t:|1729357601
|switch|p1a: Swampert|Swampert, M|82/100 slp
|-damage|p1a: Swampert|70/100 slp|[from] Spikes
|move|p2a: Aerodactyl|Rock Slide|p1a: Swampert
|-resisted|p1a: Swampert
|-damage|p1a: Swampert|42/100 slp
|
|-weather|Sandstorm|[upkeep]
|-heal|p1a: Swampert|48/100 slp|[from] item: Leftovers
|upkeep
|turn|16
|
|t:|1729357609
|move|p2a: Aerodactyl|Hidden Power|p1a: Swampert
|-damage|p1a: Swampert|0 fnt
|faint|p1a: Swampert
|inactive|GreenCatKid has 270 seconds left.
|
|t:|1729357648
|switch|p1a: Tyranitar|Tyranitar, F|100/100
|-damage|p1a: Tyranitar|88/100|[from] Spikes
|
|-weather|Sandstorm|[upkeep]
|upkeep
|turn|17
|
|t:|1729357654
|move|p2a: Aerodactyl|Earthquake|p1a: Tyranitar
|-supereffective|p1a: Tyranitar
|-damage|p1a: Tyranitar|10/100
|move|p1a: Tyranitar|Rock Slide|p2a: Aerodactyl
|-supereffective|p2a: Aerodactyl
|-end|p2a: Aerodactyl|Substitute
|
|-weather|Sandstorm|[upkeep]
|upkeep
|turn|18
|inactive|ComSeal has 240 seconds left.
|
|t:|1729357666
|move|p2a: Aerodactyl|Earthquake|p1a: Tyranitar
|-supereffective|p1a: Tyranitar
|-damage|p1a: Tyranitar|0 fnt
|faint|p1a: Tyranitar
|
|t:|1729357671
|switch|p1a: Aerodactyl|Aerodactyl, M|100/100
|
|-weather|Sandstorm|[upkeep]
|upkeep
|turn|19
|inactive|GreenCatKid has 270 seconds left.
|
|t:|1729357678
|move|p2a: Aerodactyl|Rock Slide|p1a: Aerodactyl
|-supereffective|p1a: Aerodactyl
|-damage|p1a: Aerodactyl|0 fnt
|faint|p1a: Aerodactyl
|
|t:|1729357681
|switch|p1a: Gengar|Gengar, M|100/100 par
|
|-weather|Sandstorm|[upkeep]
|-damage|p1a: Gengar|94/100 par|[from] Sandstorm
|-heal|p1a: Gengar|100/100 par|[from] item: Leftovers
|upkeep
|turn|20
|
|t:|1729357683
|move|p2a: Aerodactyl|Rock Slide|p1a: Gengar
|-damage|p1a: Gengar|0 fnt
|faint|p1a: Gengar
|
|win|ComSeal
|c|☆GreenCatKid|ggwp
|c|☆ComSeal|gg
|c|☆GreenCatKid|glalie smeargle HO?
|c|☆ComSeal|yeah
|c|☆GreenCatKid|lol
|c|☆ComSeal|i just switched them lol
|c|☆ComSeal|sorry about full para on geng
|c|☆GreenCatKid|it is what it is
|player|p2|

</script>
<script type="application/json" class="data" id="replaydata-smogtours-gen3ou-799948">
{"id":"smogtours-gen3ou-799948","format":"[Gen 3] OU","players":["GreenCatKid","ComSeal"],"uploadtime":1729357683,"views":185,"formatid":"gen3ou","rating":null,"private":0,"password":null}
</script>

<script defer src="js/replays.js?9d40a366"></script>
