<!DOCTYPE html>
<meta charset="utf-8" />
<meta name="viewport" content="width=device-width" />

<title>[Gen 3] OU: Count Sliggoo II vs. dajib - Replays - Pok&eacute;mon Showdown!</title>

<meta name="description" content="Watch a replay of a Pok&eacute;mon battle between Count Sliggoo II and dajib! Format: [Gen 3] OU; Date: Oct 17, 2024" />
<!--

Hey, you! Looking in the source for the replay log?

You can find them in JSON format, just add `.json` at the end of a replay URL.

https://replay.pokemonshowdown.com/gen7randomdoublesbattle-865046831.json

Or, if you only need the log itself, add `.log` instead:

https://replay.pokemonshowdown.com/gen7randomdoublesbattle-865046831.log

-->

<link rel="stylesheet" href="//pokemonshowdown.com/style/global.css?0.767286132409787" />
<link rel="stylesheet" href="//play.pokemonshowdown.com/style/font-awesome.css?0.9266228007934947" />
<link rel="stylesheet" href="//play.pokemonshowdown.com/style/battle.css?0.7924700842790926" />
<link rel="stylesheet" href="//play.pokemonshowdown.com/style/utilichart.css?0.8777417872839479" />

<!-- Global site tag (gtag.js) - Google Analytics -->
<script async src="https://www.googletagmanager.com/gtag/js?id=UA-26211653-1"></script>
<script>
  window.dataLayer = window.dataLayer || [];
  function gtag(){dataLayer.push(arguments);}
  gtag('js', new Date());

  gtag('config', 'UA-26211653-1');
</script>
<!-- End Google Analytics -->
<!-- Venatus Ad Manager - Install in <HEAD> of page -->
	<script src="https://hb.vntsm.com/v3/live/ad-manager.min.js" type="text/javascript" data-site-id="642aba63ec9a7b11c3c9c1be" data-mode="scan" async></script>
<!-- / Venatus Ad Manager -->

<style>
	@media (max-width:820px) {
		.battle {
			margin: 0 auto;
		}
		.battle-log {
			margin: 7px auto 0;
			max-width: 640px;
			height: 300px;
			position: static;
		}
	}
	.optgroup {
		display: inline-block;
		line-height: 22px;
		font-size: 10pt;
	}
	.optgroup .button {
		height: 25px;
		padding-top: 0;
		padding-bottom: 0;
	}
	.optgroup button.button {
		padding-left: 12px;
		padding-right: 12px;
	}
	.linklist {
		list-style: none;
		margin: 0.5em 0;
		padding: 0;
	}
	.linklist li {
		padding: 2px 0;
	}
	.sidebar {
		float: left;
		width: 320px;
	}
	.bar-wrapper {
		max-width: 1100px;
		margin: 0 auto;
	}
	.bar-wrapper.has-sidebar {
		max-width: 1430px;
	}
	.mainbar {
		margin: 0;
		padding-right: 1px;
	}
	.mainbar.has-sidebar {
		margin-left: 330px;
	}
	@media (min-width: 1511px) {
		.sidebar {
			width: 400px;
		}
		.bar-wrapper.has-sidebar {
			max-width: 1510px;
		}
		.mainbar.has-sidebar {
			margin-left: 410px;
		}
	}
	.section.first-section {
		margin-top: 9px;
	}
	.blocklink small {
		white-space: normal;
	}
	.button {
		vertical-align: middle;
	}
	.replay-controls {
		padding-top: 10px;
	}
	.replay-controls h1 {
		font-size: 16pt;
		font-weight: normal;
		color: #CCC;
	}
	.pagelink {
		text-align: center;
	}
	.pagelink a {
		width: 150px;
	}
	.textbox, .button {
		font-size: 11pt;
		vertical-align: middle;
	}
	@media (max-width: 450px) {
		.button {
			font-size: 9pt;
		}
	}
</style>

<div>

	<header>
		<div class="nav-wrapper"><ul class="nav">
			<li><a class="button nav-first" href="//pokemonshowdown.com/"><img src="//pokemonshowdown.com/images/pokemonshowdownbeta.png" srcset="//pokemonshowdown.com/images/pokemonshowdownbeta.png 1x, //pokemonshowdown.com/images/pokemonshowdownbeta@2x.png 2x" alt="Pok&eacute;mon Showdown" width="146" height="44" /> Home</a></li>
			<li><a class="button" href="//pokemonshowdown.com/dex/">Pok&eacute;dex</a></li>
			<li><a class="button cur" href="/">Replays</a></li>
			<li><a class="button" href="//pokemonshowdown.com/ladder/">Ladder</a></li>
			<li><a class="button nav-last" href="//pokemonshowdown.com/forums/">Forum</a></li>
			<li><a class="button greenbutton nav-first nav-last" href="//play.pokemonshowdown.com/">Play</a></li>
		</ul></div>
	</header>

	<div class="main" id="main">

		<noscript><section class="section">You need to enable JavaScript to use this page; sorry!</section></noscript>

	</div>

</div>

<script defer nomodule src="//play.pokemonshowdown.com/js/lib/ps-polyfill.js"></script>
<script defer src="//play.pokemonshowdown.com/js/lib/preact.min.js"></script>

<script defer src="//play.pokemonshowdown.com/config/config.js?6dec07f6"></script>
<script defer src="//play.pokemonshowdown.com/js/lib/jquery-1.11.0.min.js"></script>
<script defer src="//play.pokemonshowdown.com/js/lib/html-sanitizer-minified.js"></script>
<script defer src="//play.pokemonshowdown.com/js/battle-sound.js"></script>
<script defer src="//play.pokemonshowdown.com/js/battledata.js?0.6315294753075389"></script>
<script defer src="//play.pokemonshowdown.com/data/pokedex-mini.js?0.7603743185311358"></script>
<script defer src="//play.pokemonshowdown.com/data/pokedex-mini-bw.js?0.030888842834281283"></script>
<script defer src="//play.pokemonshowdown.com/data/graphics.js?0.05593094747507488"></script>
<script defer src="//play.pokemonshowdown.com/data/pokedex.js?0.47064822249611904"></script>
<script defer src="//play.pokemonshowdown.com/data/moves.js?0.8583693120512459"></script>
<script defer src="//play.pokemonshowdown.com/data/abilities.js?0.16017181182386842"></script>
<script defer src="//play.pokemonshowdown.com/data/items.js?0.4163379185673943"></script>
<script defer src="//play.pokemonshowdown.com/data/teambuilder-tables.js?0.31075597372830477"></script>
<script defer src="//play.pokemonshowdown.com/js/battle-tooltips.js?0.6536193500708172"></script>
<script defer src="//play.pokemonshowdown.com/js/battle.js?0.1916591943277901"></script>

<script defer src="js/utils.js?e31f9a17"></script>
<script defer src="js/replays-battle.js?7008c182"></script>

<!-- don't scrape this data! just add .json or .log after the URL!
Full API docs: https://github.com/smogon/pokemon-showdown-client/blob/master/WEB-API.md -->
<script type="text/plain" class="log" id="replaylog-smogtours-gen3ou-799425">
|inactive|Battle timer is ON: inactive players will automatically lose when time's up.
|t:|1729209065
|gametype|singles
|player|p1|Count Sliggoo II|ruinmaniac-gen3rs|
|player|p2|dajib|170|
|teamsize|p1|6
|teamsize|p2|6
|gen|3
|tier|[Gen 3] OU
|rule|Sleep Clause Mod: Limit one foe put to sleep
|rule|Switch Priority Clause Mod: Faster Pokémon switch first
|rule|Species Clause: Limit one of each Pokémon
|rule|OHKO Clause: OHKO moves are banned
|rule|Evasion Items Clause: Evasion items are banned
|rule|Evasion Moves Clause: Evasion moves are banned
|rule|Endless Battle Clause: Forcing endless battles is banned
|rule|HP Percentage Mod: HP is shown in percentages
|rule|One Boost Passer Clause: Limit one Baton Passer that has a way to boost its stats
|rule|Freeze Clause Mod: Limit one foe frozen
|
|t:|1729209065
|start
|switch|p1a: Boltbeak|Zapdos|100/100
|switch|p2a: Metagross|Metagross|100/100
|turn|1
|
|t:|1729209072
|move|p1a: Boltbeak|Protect|p1a: Boltbeak
|-singleturn|p1a: Boltbeak|Protect
|move|p2a: Metagross|Rock Slide|p1a: Boltbeak
|-activate|p1a: Boltbeak|Protect
|
|upkeep
|turn|2
|
|t:|1729209088
|switch|p1a: Deadbolt|Magneton|100/100
|move|p2a: Metagross|Rock Slide|p1a: Deadbolt
|-resisted|p1a: Deadbolt
|-damage|p1a: Deadbolt|71/100
|
|upkeep
|turn|3
|
|t:|1729209098
|move|p1a: Deadbolt|Thunderbolt|p2a: Metagross
|-damage|p2a: Metagross|36/100
|move|p2a: Metagross|Rock Slide|p1a: Deadbolt
|-resisted|p1a: Deadbolt
|-damage|p1a: Deadbolt|41/100
|
|upkeep
|turn|4
|
|t:|1729209101
|move|p1a: Deadbolt|Thunderbolt|p2a: Metagross
|-damage|p2a: Metagross|0 fnt
|faint|p2a: Metagross
|
|t:|1729209105
|switch|p2a: Magneton|Magneton|100/100
|
|upkeep
|turn|5
|
|t:|1729209108
|move|p2a: Magneton|Hidden Power|p1a: Deadbolt
|-supereffective|p1a: Deadbolt
|-damage|p1a: Deadbolt|0 fnt
|faint|p1a: Deadbolt
|
|t:|1729209130
|switch|p1a: Despot|Tyranitar, M, shiny|100/100
|-weather|Sandstorm|[from] ability: Sand Stream|[of] p1a: Despot
|
|-weather|Sandstorm|[upkeep]
|upkeep
|turn|6
|
|t:|1729209136
|switch|p2a: Salamence|Salamence, F|100/100
|-ability|p2a: Salamence|Intimidate|boost
|-unboost|p1a: Despot|atk|1
|move|p1a: Despot|Earthquake|p2a: Salamence
|-immune|p2a: Salamence
|
|-weather|Sandstorm|[upkeep]
|-damage|p2a: Salamence|94/100|[from] Sandstorm
|-heal|p2a: Salamence|100/100|[from] item: Leftovers
|upkeep
|turn|7
|
|t:|1729209155
|switch|p1a: Boltbeak|Zapdos|100/100
|move|p2a: Salamence|Dragon Claw|p1a: Boltbeak
|-damage|p1a: Boltbeak|55/100
|
|-weather|Sandstorm|[upkeep]
|-damage|p1a: Boltbeak|49/100|[from] Sandstorm
|-damage|p2a: Salamence|94/100|[from] Sandstorm
|-heal|p1a: Boltbeak|55/100|[from] item: Leftovers
|-heal|p2a: Salamence|100/100|[from] item: Leftovers
|upkeep
|turn|8
|
|t:|1729209160
|switch|p2a: Venusaur|Venusaur, M|100/100
|move|p1a: Boltbeak|Hidden Power|p2a: Venusaur
|-supereffective|p2a: Venusaur
|-damage|p2a: Venusaur|53/100
|
|-weather|Sandstorm|[upkeep]
|-damage|p1a: Boltbeak|49/100|[from] Sandstorm
|-damage|p2a: Venusaur|47/100|[from] Sandstorm
|-heal|p1a: Boltbeak|55/100|[from] item: Leftovers
|-heal|p2a: Venusaur|53/100|[from] item: Leftovers
|upkeep
|turn|9
|inactive|Count Sliggoo II has 270 seconds left.
|
|t:|1729209191
|move|p1a: Boltbeak|Hidden Power|p2a: Venusaur
|-supereffective|p2a: Venusaur
|-damage|p2a: Venusaur|1/100
|move|p2a: Venusaur|Sleep Powder|p1a: Boltbeak
|-status|p1a: Boltbeak|slp|[from] move: Sleep Powder
|
|-weather|Sandstorm|[upkeep]
|-damage|p1a: Boltbeak|49/100 slp|[from] Sandstorm
|-damage|p2a: Venusaur|0 fnt|[from] Sandstorm
|faint|p2a: Venusaur
|-heal|p1a: Boltbeak|55/100 slp|[from] item: Leftovers
|upkeep
|
|t:|1729209202
|switch|p2a: Magneton|Magneton|100/100
|turn|10
|
|t:|1729209212
|switch|p1a: Unfazed|Snorlax, M, shiny|100/100
|move|p2a: Magneton|Thunderbolt|p1a: Unfazed
|-damage|p1a: Unfazed|71/100
|
|-weather|Sandstorm|[upkeep]
|-damage|p1a: Unfazed|65/100|[from] Sandstorm
|-heal|p1a: Unfazed|71/100|[from] item: Leftovers
|upkeep
|turn|11
|
|t:|1729209220
|move|p2a: Magneton|Thunderbolt|p1a: Unfazed
|-damage|p1a: Unfazed|40/100
|move|p1a: Unfazed|Earthquake|p2a: Magneton
|-supereffective|p2a: Magneton
|-damage|p2a: Magneton|0 fnt
|faint|p2a: Magneton
|
|t:|1729209229
|switch|p2a: Regirock|Regirock|100/100
|
|-weather|Sandstorm|[upkeep]
|-damage|p1a: Unfazed|33/100|[from] Sandstorm
|-heal|p1a: Unfazed|40/100|[from] item: Leftovers
|upkeep
|turn|12
|
|t:|1729209255
|move|p2a: Regirock|Superpower|p1a: Unfazed
|-supereffective|p1a: Unfazed
|-damage|p1a: Unfazed|0 fnt
|-unboost|p2a: Regirock|atk|1
|-unboost|p2a: Regirock|def|1
|faint|p1a: Unfazed
|inactive|Count Sliggoo II has 270 seconds left.
|inactive|Count Sliggoo II has 240 seconds left.
|
|t:|1729209302
|switch|p1a: Gigaton|Metagross, shiny|100/100
|
|-weather|Sandstorm|[upkeep]
|upkeep
|turn|13
|inactive|Count Sliggoo II has 240 seconds left.
|
|t:|1729209329
|move|p1a: Gigaton|Meteor Mash|p2a: Regirock
|-supereffective|p2a: Regirock
|-damage|p2a: Regirock|15/100
|move|p2a: Regirock|Thunder Wave|p1a: Gigaton
|-status|p1a: Gigaton|par
|
|-weather|Sandstorm|[upkeep]
|-heal|p2a: Regirock|21/100|[from] item: Leftovers
|upkeep
|turn|14
|
|t:|1729209334
|switch|p2a: Snorlax|Snorlax, F|100/100
|cant|p1a: Gigaton|par
|
|-weather|Sandstorm|[upkeep]
|-damage|p2a: Snorlax|94/100|[from] Sandstorm
|-heal|p2a: Snorlax|100/100|[from] item: Leftovers
|upkeep
|turn|15
|
|t:|1729209337
|switch|p2a: Regirock|Regirock|21/100
|move|p1a: Gigaton|Meteor Mash|p2a: Regirock
|-supereffective|p2a: Regirock
|-damage|p2a: Regirock|0 fnt
|faint|p2a: Regirock
|
|t:|1729209343
|switch|p2a: Snorlax|Snorlax, F|100/100
|
|-weather|Sandstorm|[upkeep]
|-damage|p2a: Snorlax|94/100|[from] Sandstorm
|-heal|p2a: Snorlax|100/100|[from] item: Leftovers
|upkeep
|turn|16
|
|t:|1729209348
|move|p2a: Snorlax|Earthquake|p1a: Gigaton
|-supereffective|p1a: Gigaton
|-damage|p1a: Gigaton|53/100 par
|move|p1a: Gigaton|Meteor Mash|p2a: Snorlax
|-damage|p2a: Snorlax|52/100
|
|-weather|Sandstorm|[upkeep]
|-damage|p2a: Snorlax|46/100|[from] Sandstorm
|-heal|p2a: Snorlax|52/100|[from] item: Leftovers
|-heal|p1a: Gigaton|59/100 par|[from] item: Leftovers
|upkeep
|turn|17
|
|t:|1729209354
|move|p2a: Snorlax|Curse|p2a: Snorlax
|-unboost|p2a: Snorlax|spe|1
|-boost|p2a: Snorlax|atk|1
|-boost|p2a: Snorlax|def|1
|move|p1a: Gigaton|Meteor Mash|p2a: Snorlax
|-damage|p2a: Snorlax|18/100
|
|-weather|Sandstorm|[upkeep]
|-damage|p2a: Snorlax|11/100|[from] Sandstorm
|-heal|p2a: Snorlax|18/100|[from] item: Leftovers
|-heal|p1a: Gigaton|66/100 par|[from] item: Leftovers
|upkeep
|turn|18
|
|t:|1729209359
|move|p2a: Snorlax|Rest|p2a: Snorlax
|-status|p2a: Snorlax|slp|[from] move: Rest
|-heal|p2a: Snorlax|100/100 slp|[silent]
|move|p1a: Gigaton|Meteor Mash|p2a: Snorlax
|-damage|p2a: Snorlax|65/100 slp
|
|-weather|Sandstorm|[upkeep]
|-damage|p2a: Snorlax|59/100 slp|[from] Sandstorm
|-heal|p2a: Snorlax|65/100 slp|[from] item: Leftovers
|-heal|p1a: Gigaton|72/100 par|[from] item: Leftovers
|upkeep
|turn|19
|
|t:|1729209361
|cant|p2a: Snorlax|slp
|move|p1a: Gigaton|Meteor Mash|p2a: Snorlax|[miss]
|-miss|p1a: Gigaton|p2a: Snorlax
|
|-weather|Sandstorm|[upkeep]
|-damage|p2a: Snorlax|59/100 slp|[from] Sandstorm
|-heal|p2a: Snorlax|65/100 slp|[from] item: Leftovers
|-heal|p1a: Gigaton|78/100 par|[from] item: Leftovers
|upkeep
|turn|20
|
|t:|1729209363
|cant|p2a: Snorlax|slp
|move|p1a: Gigaton|Meteor Mash|p2a: Snorlax
|-damage|p2a: Snorlax|35/100 slp
|
|-weather|Sandstorm|[upkeep]
|-damage|p2a: Snorlax|29/100 slp|[from] Sandstorm
|-heal|p2a: Snorlax|35/100 slp|[from] item: Leftovers
|-heal|p1a: Gigaton|84/100 par|[from] item: Leftovers
|upkeep
|turn|21
|
|t:|1729209370
|-curestatus|p2a: Snorlax|slp|[msg]
|move|p2a: Snorlax|Earthquake|p1a: Gigaton
|-supereffective|p1a: Gigaton
|-damage|p1a: Gigaton|8/100 par
|move|p1a: Gigaton|Meteor Mash|p2a: Snorlax
|-damage|p2a: Snorlax|3/100
|
|-weather|Sandstorm|[upkeep]
|-damage|p2a: Snorlax|0 fnt|[from] Sandstorm
|faint|p2a: Snorlax
|-heal|p1a: Gigaton|14/100 par|[from] item: Leftovers
|upkeep
|
|t:|1729209372
|switch|p2a: Salamence|Salamence, F|100/100
|-ability|p2a: Salamence|Intimidate|boost
|-fail|p1a: Gigaton|unboost|[from] ability: Clear Body|[of] p1a: Gigaton
|turn|22
|
|t:|1729209377
|move|p2a: Salamence|Brick Break|p1a: Gigaton
|-damage|p1a: Gigaton|0 fnt
|faint|p1a: Gigaton
|
|t:|1729209382
|switch|p1a: Draco|Salamence, F|100/100
|-ability|p1a: Draco|Intimidate|boost
|-unboost|p2a: Salamence|atk|1
|
|-weather|Sandstorm|[upkeep]
|-damage|p1a: Draco|94/100|[from] Sandstorm
|-damage|p2a: Salamence|94/100|[from] Sandstorm
|-heal|p2a: Salamence|100/100|[from] item: Leftovers
|-heal|p1a: Draco|100/100|[from] item: Leftovers
|upkeep
|turn|23
|
|t:|1729209384
|move|p1a: Draco|Dragon Claw|p2a: Salamence
|-supereffective|p2a: Salamence
|-damage|p2a: Salamence|0 fnt
|faint|p2a: Salamence
|
|win|Count Sliggoo II
|c|☆Count Sliggoo II|Gg.

</script>
<script type="application/json" class="data" id="replaydata-smogtours-gen3ou-799425">
{"id":"smogtours-gen3ou-799425","format":"[Gen 3] OU","players":["Count Sliggoo II","dajib"],"uploadtime":1729209384,"views":80,"formatid":"gen3ou","rating":null,"private":0,"password":null}
</script>

<script defer src="js/replays.js?9d40a366"></script>
