<!DOCTYPE html>
<meta charset="utf-8" />
<meta name="viewport" content="width=device-width" />

<title>[Gen 3] OU: SPFunkm vs. jeffoly - Replays - Pok&eacute;mon Showdown!</title>

<meta name="description" content="Watch a replay of a Pok&eacute;mon battle between SPFunkm and jeffoly! Format: [Gen 3] OU; Date: Oct 4, 2024" />
<!--

Hey, you! Looking in the source for the replay log?

You can find them in JSON format, just add `.json` at the end of a replay URL.

https://replay.pokemonshowdown.com/gen7randomdoublesbattle-865046831.json

Or, if you only need the log itself, add `.log` instead:

https://replay.pokemonshowdown.com/gen7randomdoublesbattle-865046831.log

-->

<link rel="stylesheet" href="//pokemonshowdown.com/style/global.css?0.023195364461161105" />
<link rel="stylesheet" href="//play.pokemonshowdown.com/style/font-awesome.css?0.13261647063804238" />
<link rel="stylesheet" href="//play.pokemonshowdown.com/style/battle.css?0.8753245789963631" />
<link rel="stylesheet" href="//play.pokemonshowdown.com/style/utilichart.css?0.8627959624976733" />

<!-- Global site tag (gtag.js) - Google Analytics -->
<script async src="https://www.googletagmanager.com/gtag/js?id=UA-26211653-1"></script>
<script>
  window.dataLayer = window.dataLayer || [];
  function gtag(){dataLayer.push(arguments);}
  gtag('js', new Date());

  gtag('config', 'UA-26211653-1');
</script>
<!-- End Google Analytics -->
<!-- Venatus Ad Manager - Install in <HEAD> of page -->
	<script src="https://hb.vntsm.com/v3/live/ad-manager.min.js" type="text/javascript" data-site-id="642aba63ec9a7b11c3c9c1be" data-mode="scan" async></script>
<!-- / Venatus Ad Manager -->

<style>
	@media (max-width:820px) {
		.battle {
			margin: 0 auto;
		}
		.battle-log {
			margin: 7px auto 0;
			max-width: 640px;
			height: 300px;
			position: static;
		}
	}
	.optgroup {
		display: inline-block;
		line-height: 22px;
		font-size: 10pt;
	}
	.optgroup .button {
		height: 25px;
		padding-top: 0;
		padding-bottom: 0;
	}
	.optgroup button.button {
		padding-left: 12px;
		padding-right: 12px;
	}
	.linklist {
		list-style: none;
		margin: 0.5em 0;
		padding: 0;
	}
	.linklist li {
		padding: 2px 0;
	}
	.sidebar {
		float: left;
		width: 320px;
	}
	.bar-wrapper {
		max-width: 1100px;
		margin: 0 auto;
	}
	.bar-wrapper.has-sidebar {
		max-width: 1430px;
	}
	.mainbar {
		margin: 0;
		padding-right: 1px;
	}
	.mainbar.has-sidebar {
		margin-left: 330px;
	}
	@media (min-width: 1511px) {
		.sidebar {
			width: 400px;
		}
		.bar-wrapper.has-sidebar {
			max-width: 1510px;
		}
		.mainbar.has-sidebar {
			margin-left: 410px;
		}
	}
	.section.first-section {
		margin-top: 9px;
	}
	.blocklink small {
		white-space: normal;
	}
	.button {
		vertical-align: middle;
	}
	.replay-controls {
		padding-top: 10px;
	}
	.replay-controls h1 {
		font-size: 16pt;
		font-weight: normal;
		color: #CCC;
	}
	.pagelink {
		text-align: center;
	}
	.pagelink a {
		width: 150px;
	}
	.textbox, .button {
		font-size: 11pt;
		vertical-align: middle;
	}
	@media (max-width: 450px) {
		.button {
			font-size: 9pt;
		}
	}
</style>

<div>

	<header>
		<div class="nav-wrapper"><ul class="nav">
			<li><a class="button nav-first" href="//pokemonshowdown.com/"><img src="//pokemonshowdown.com/images/pokemonshowdownbeta.png" srcset="//pokemonshowdown.com/images/pokemonshowdownbeta.png 1x, //pokemonshowdown.com/images/pokemonshowdownbeta@2x.png 2x" alt="Pok&eacute;mon Showdown" width="146" height="44" /> Home</a></li>
			<li><a class="button" href="//pokemonshowdown.com/dex/">Pok&eacute;dex</a></li>
			<li><a class="button cur" href="/">Replays</a></li>
			<li><a class="button" href="//pokemonshowdown.com/ladder/">Ladder</a></li>
			<li><a class="button nav-last" href="//pokemonshowdown.com/forums/">Forum</a></li>
			<li><a class="button greenbutton nav-first nav-last" href="//play.pokemonshowdown.com/">Play</a></li>
		</ul></div>
	</header>

	<div class="main" id="main">

		<noscript><section class="section">You need to enable JavaScript to use this page; sorry!</section></noscript>

	</div>

</div>

<script defer nomodule src="//play.pokemonshowdown.com/js/lib/ps-polyfill.js"></script>
<script defer src="//play.pokemonshowdown.com/js/lib/preact.min.js"></script>

<script defer src="//play.pokemonshowdown.com/config/config.js?2bddbc15"></script>
<script defer src="//play.pokemonshowdown.com/js/lib/jquery-1.11.0.min.js"></script>
<script defer src="//play.pokemonshowdown.com/js/lib/html-sanitizer-minified.js"></script>
<script defer src="//play.pokemonshowdown.com/js/battle-sound.js"></script>
<script defer src="//play.pokemonshowdown.com/js/battledata.js?0.7209276989879541"></script>
<script defer src="//play.pokemonshowdown.com/data/pokedex-mini.js?0.6111056340867951"></script>
<script defer src="//play.pokemonshowdown.com/data/pokedex-mini-bw.js?0.3532142036491459"></script>
<script defer src="//play.pokemonshowdown.com/data/graphics.js?0.24223875632456182"></script>
<script defer src="//play.pokemonshowdown.com/data/pokedex.js?0.38839984266356864"></script>
<script defer src="//play.pokemonshowdown.com/data/moves.js?0.21866028504024015"></script>
<script defer src="//play.pokemonshowdown.com/data/abilities.js?0.2005157953846628"></script>
<script defer src="//play.pokemonshowdown.com/data/items.js?0.9894211263848525"></script>
<script defer src="//play.pokemonshowdown.com/data/teambuilder-tables.js?0.6008791140282215"></script>
<script defer src="//play.pokemonshowdown.com/js/battle-tooltips.js?0.7580118955022959"></script>
<script defer src="//play.pokemonshowdown.com/js/battle.js?0.6057722274234274"></script>

<script defer src="js/utils.js?e31f9a17"></script>
<script defer src="js/replays-battle.js?7008c182"></script>

<!-- don't scrape this data! just add .json or .log after the URL!
Full API docs: https://github.com/smogon/pokemon-showdown-client/blob/master/WEB-API.md -->
<script type="text/plain" class="log" id="replaylog-smogtours-gen3ou-794763">
|inactive|Battle timer is ON: inactive players will automatically lose when time's up.
|t:|1728080789
|gametype|singles
|player|p1|SPFunkm|lady-gen4|
|player|p2|jeffoly|1|
|teamsize|p1|6
|teamsize|p2|6
|gen|3
|tier|[Gen 3] OU
|rule|Sleep Clause Mod: Limit one foe put to sleep
|rule|Switch Priority Clause Mod: Faster Pokémon switch first
|rule|Species Clause: Limit one of each Pokémon
|rule|OHKO Clause: OHKO moves are banned
|rule|Evasion Items Clause: Evasion items are banned
|rule|Evasion Moves Clause: Evasion moves are banned
|rule|Endless Battle Clause: Forcing endless battles is banned
|rule|HP Percentage Mod: HP is shown in percentages
|rule|One Boost Passer Clause: Limit one Baton Passer that has a way to boost its stats
|rule|Freeze Clause Mod: Limit one foe frozen
|
|t:|1728080789
|start
|switch|p1a: Salamence|Salamence, F|100/100
|switch|p2a: Zapdos|Zapdos|100/100
|-ability|p1a: Salamence|Intimidate|boost
|-unboost|p2a: Zapdos|atk|1
|turn|1
|inactive|SPFunkm has 270 seconds left.
|c|☆SPFunkm|glhf
|
|t:|1728080826
|switch|p1a: Snorlax|Snorlax, F|100/100
|switch|p2a: Tyranitar|Tyranitar, F|100/100
|-weather|Sandstorm|[from] ability: Sand Stream|[of] p2a: Tyranitar
|
|-weather|Sandstorm|[upkeep]
|-damage|p1a: Snorlax|94/100|[from] Sandstorm
|-heal|p1a: Snorlax|100/100|[from] item: Leftovers
|upkeep
|turn|2
|c|☆jeffoly|good luck!
|
|t:|1728080840
|move|p2a: Tyranitar|Brick Break|p1a: Snorlax
|-supereffective|p1a: Snorlax
|-damage|p1a: Snorlax|67/100
|move|p1a: Snorlax|Earthquake|p2a: Tyranitar
|-supereffective|p2a: Tyranitar
|-damage|p2a: Tyranitar|31/100
|
|-weather|Sandstorm|[upkeep]
|-damage|p1a: Snorlax|61/100|[from] Sandstorm
|-heal|p1a: Snorlax|67/100|[from] item: Leftovers
|upkeep
|turn|3
|
|t:|1728080857
|switch|p2a: Salamence|Salamence, M|100/100
|-ability|p2a: Salamence|Intimidate|boost
|-unboost|p1a: Snorlax|atk|1
|switch|p1a: Salamence|Salamence, F|100/100
|-ability|p1a: Salamence|Intimidate|boost
|-unboost|p2a: Salamence|atk|1
|
|-weather|Sandstorm|[upkeep]
|-damage|p2a: Salamence|94/100|[from] Sandstorm
|-damage|p1a: Salamence|94/100|[from] Sandstorm
|-heal|p2a: Salamence|100/100|[from] item: Leftovers
|-heal|p1a: Salamence|100/100|[from] item: Leftovers
|upkeep
|turn|4
|
|t:|1728080869
|move|p1a: Salamence|Dragon Claw|p2a: Salamence
|-supereffective|p2a: Salamence
|-damage|p2a: Salamence|0 fnt
|faint|p2a: Salamence
|
|t:|1728080876
|switch|p2a: Swampert|Swampert, F|100/100
|
|-weather|Sandstorm|[upkeep]
|-damage|p1a: Salamence|94/100|[from] Sandstorm
|-heal|p1a: Salamence|100/100|[from] item: Leftovers
|upkeep
|turn|5
|
|t:|1728080881
|switch|p1a: Suicune|Suicune|100/100
|move|p2a: Swampert|Ice Beam|p1a: Suicune
|-resisted|p1a: Suicune
|-damage|p1a: Suicune|89/100
|
|-weather|Sandstorm|[upkeep]
|-damage|p1a: Suicune|83/100|[from] Sandstorm
|-heal|p1a: Suicune|89/100|[from] item: Leftovers
|upkeep
|turn|6
|
|t:|1728080900
|-singleturn|p2a: Swampert|move: Focus Punch
|move|p1a: Suicune|Calm Mind|p1a: Suicune
|-boost|p1a: Suicune|spa|1
|-boost|p1a: Suicune|spd|1
|move|p2a: Swampert|Focus Punch|p1a: Suicune
|-damage|p1a: Suicune|62/100
|
|-weather|Sandstorm|[upkeep]
|-damage|p1a: Suicune|56/100|[from] Sandstorm
|-heal|p1a: Suicune|62/100|[from] item: Leftovers
|upkeep
|turn|7
|
|t:|1728080925
|switch|p2a: Snorlax|Snorlax, M|100/100
|move|p1a: Suicune|Surf|p2a: Snorlax
|-damage|p2a: Snorlax|70/100
|
|-weather|Sandstorm|[upkeep]
|-damage|p1a: Suicune|56/100|[from] Sandstorm
|-damage|p2a: Snorlax|63/100|[from] Sandstorm
|-heal|p1a: Suicune|62/100|[from] item: Leftovers
|-heal|p2a: Snorlax|70/100|[from] item: Leftovers
|upkeep
|turn|8
|
|t:|1728080937
|move|p1a: Suicune|Surf|p2a: Snorlax
|-damage|p2a: Snorlax|37/100
|move|p2a: Snorlax|Curse|p2a: Snorlax
|-unboost|p2a: Snorlax|spe|1
|-boost|p2a: Snorlax|atk|1
|-boost|p2a: Snorlax|def|1
|
|-weather|Sandstorm|[upkeep]
|-damage|p1a: Suicune|56/100|[from] Sandstorm
|-damage|p2a: Snorlax|30/100|[from] Sandstorm
|-heal|p1a: Suicune|62/100|[from] item: Leftovers
|-heal|p2a: Snorlax|37/100|[from] item: Leftovers
|upkeep
|turn|9
|
|t:|1728080948
|move|p1a: Suicune|Surf|p2a: Snorlax
|-damage|p2a: Snorlax|7/100
|move|p2a: Snorlax|Rest|p2a: Snorlax
|-status|p2a: Snorlax|slp|[from] move: Rest
|-heal|p2a: Snorlax|100/100 slp|[silent]
|
|-weather|Sandstorm|[upkeep]
|-damage|p1a: Suicune|56/100|[from] Sandstorm
|-damage|p2a: Snorlax|94/100 slp|[from] Sandstorm
|-heal|p1a: Suicune|62/100|[from] item: Leftovers
|-heal|p2a: Snorlax|100/100 slp|[from] item: Leftovers
|upkeep
|turn|10
|
|t:|1728080959
|move|p1a: Suicune|Surf|p2a: Snorlax
|-damage|p2a: Snorlax|70/100 slp
|cant|p2a: Snorlax|slp
|
|-weather|Sandstorm|[upkeep]
|-damage|p1a: Suicune|56/100|[from] Sandstorm
|-damage|p2a: Snorlax|63/100 slp|[from] Sandstorm
|-heal|p1a: Suicune|62/100|[from] item: Leftovers
|-heal|p2a: Snorlax|70/100 slp|[from] item: Leftovers
|upkeep
|turn|11
|
|t:|1728080967
|move|p1a: Suicune|Surf|p2a: Snorlax
|-damage|p2a: Snorlax|41/100 slp
|cant|p2a: Snorlax|slp
|
|-weather|Sandstorm|[upkeep]
|-damage|p1a: Suicune|56/100|[from] Sandstorm
|-damage|p2a: Snorlax|34/100 slp|[from] Sandstorm
|-heal|p1a: Suicune|62/100|[from] item: Leftovers
|-heal|p2a: Snorlax|41/100 slp|[from] item: Leftovers
|upkeep
|turn|12
|
|t:|1728080976
|move|p1a: Suicune|Surf|p2a: Snorlax
|-damage|p2a: Snorlax|12/100 slp
|-curestatus|p2a: Snorlax|slp|[msg]
|move|p2a: Snorlax|Return|p1a: Suicune
|-damage|p1a: Suicune|16/100
|
|-weather|Sandstorm|[upkeep]
|-damage|p1a: Suicune|10/100|[from] Sandstorm
|-damage|p2a: Snorlax|6/100|[from] Sandstorm
|-heal|p1a: Suicune|16/100|[from] item: Leftovers
|-heal|p2a: Snorlax|12/100|[from] item: Leftovers
|upkeep
|turn|13
|
|t:|1728080994
|move|p1a: Suicune|Surf|p2a: Snorlax
|-damage|p2a: Snorlax|0 fnt
|faint|p2a: Snorlax
|
|t:|1728080997
|switch|p2a: Zapdos|Zapdos|100/100
|
|-weather|Sandstorm|[upkeep]
|-damage|p2a: Zapdos|94/100|[from] Sandstorm
|-damage|p1a: Suicune|10/100|[from] Sandstorm
|-heal|p2a: Zapdos|100/100|[from] item: Leftovers
|-heal|p1a: Suicune|16/100|[from] item: Leftovers
|upkeep
|turn|14
|
|t:|1728081008
|switch|p1a: Claydol|Claydol|100/100
|move|p2a: Zapdos|Drill Peck|p1a: Claydol
|-damage|p1a: Claydol|76/100
|
|-weather|Sandstorm|[upkeep]
|-damage|p2a: Zapdos|94/100|[from] Sandstorm
|-heal|p2a: Zapdos|100/100|[from] item: Leftovers
|-heal|p1a: Claydol|82/100|[from] item: Leftovers
|upkeep
|turn|15
|
|t:|1728081016
|move|p2a: Zapdos|Hidden Power|p1a: Claydol
|-supereffective|p1a: Claydol
|-damage|p1a: Claydol|34/100
|move|p1a: Claydol|Explosion|p2a: Zapdos
|-crit|p2a: Zapdos
|-damage|p2a: Zapdos|0 fnt
|faint|p1a: Claydol
|faint|p2a: Zapdos
|
|t:|1728081032
|switch|p2a: Tyranitar|Tyranitar, F|31/100
|switch|p1a: Suicune|Suicune|16/100
|
|-weather|Sandstorm|[upkeep]
|-damage|p1a: Suicune|10/100|[from] Sandstorm
|-heal|p1a: Suicune|16/100|[from] item: Leftovers
|upkeep
|turn|16
|
|t:|1728081039
|switch|p1a: Salamence|Salamence, F|100/100
|-ability|p1a: Salamence|Intimidate|boost
|-unboost|p2a: Tyranitar|atk|1
|move|p2a: Tyranitar|Hidden Power|p1a: Salamence
|-resisted|p1a: Salamence
|-damage|p1a: Salamence|94/100
|
|-weather|Sandstorm|[upkeep]
|-damage|p1a: Salamence|88/100|[from] Sandstorm
|-heal|p1a: Salamence|94/100|[from] item: Leftovers
|upkeep
|turn|17
|
|t:|1728081050
|switch|p2a: Metagross|Metagross|100/100
|move|p1a: Salamence|Hidden Power|p2a: Metagross
|-resisted|p2a: Metagross
|-damage|p2a: Metagross|88/100
|
|-weather|Sandstorm|[upkeep]
|-damage|p1a: Salamence|88/100|[from] Sandstorm
|-heal|p1a: Salamence|94/100|[from] item: Leftovers
|-heal|p2a: Metagross|94/100|[from] item: Leftovers
|upkeep
|turn|18
|
|t:|1728081064
|move|p1a: Salamence|Fire Blast|p2a: Metagross
|-supereffective|p2a: Metagross
|-damage|p2a: Metagross|13/100
|-status|p2a: Metagross|brn
|move|p2a: Metagross|Meteor Mash|p1a: Salamence
|-damage|p1a: Salamence|62/100
|
|-weather|Sandstorm|[upkeep]
|-damage|p1a: Salamence|55/100|[from] Sandstorm
|-heal|p1a: Salamence|62/100|[from] item: Leftovers
|-heal|p2a: Metagross|19/100 brn|[from] item: Leftovers
|-damage|p2a: Metagross|6/100 brn|[from] brn
|upkeep
|turn|19
|
|t:|1728081076
|move|p1a: Salamence|Hidden Power|p2a: Metagross
|-resisted|p2a: Metagross
|-damage|p2a: Metagross|0 fnt
|faint|p2a: Metagross
|
|t:|1728081081
|switch|p2a: Tyranitar|Tyranitar, F|31/100
|
|-weather|Sandstorm|[upkeep]
|-damage|p1a: Salamence|55/100|[from] Sandstorm
|-heal|p1a: Salamence|62/100|[from] item: Leftovers
|upkeep
|turn|20
|
|t:|1728081087
|move|p1a: Salamence|Brick Break|p2a: Tyranitar
|-supereffective|p2a: Tyranitar
|-damage|p2a: Tyranitar|0 fnt
|faint|p2a: Tyranitar
|
|t:|1728081090
|switch|p2a: Swampert|Swampert, F|100/100
|
|-weather|Sandstorm|[upkeep]
|-damage|p1a: Salamence|55/100|[from] Sandstorm
|-heal|p1a: Salamence|62/100|[from] item: Leftovers
|upkeep
|turn|21
|
|t:|1728081098
|move|p1a: Salamence|Hidden Power|p2a: Swampert
|-supereffective|p2a: Swampert
|-damage|p2a: Swampert|0 fnt
|faint|p2a: Swampert
|
|win|SPFunkm
|c|☆SPFunkm|gg
|c|☆jeffoly|gg

</script>
<script type="application/json" class="data" id="replaydata-smogtours-gen3ou-794763">
{"id":"smogtours-gen3ou-794763","format":"[Gen 3] OU","players":["SPFunkm","jeffoly"],"uploadtime":1728081098,"views":136,"formatid":"gen3ou","rating":null,"private":0,"password":null}
</script>

<script defer src="js/replays.js?9d40a366"></script>
