<!DOCTYPE html>
<meta charset="utf-8" />
<meta name="viewport" content="width=device-width" />

<title>[Gen 3] OU: Darth33 vs. kittencel - Replays - Pok&eacute;mon Showdown!</title>

<meta name="description" content="Watch a replay of a Pok&eacute;mon battle between Darth33 and kittencel! Format: [Gen 3] OU; Date: Oct 14, 2024" />
<!--

Hey, you! Looking in the source for the replay log?

You can find them in JSON format, just add `.json` at the end of a replay URL.

https://replay.pokemonshowdown.com/gen7randomdoublesbattle-865046831.json

Or, if you only need the log itself, add `.log` instead:

https://replay.pokemonshowdown.com/gen7randomdoublesbattle-865046831.log

-->

<link rel="stylesheet" href="//pokemonshowdown.com/style/global.css?0.023195364461161105" />
<link rel="stylesheet" href="//play.pokemonshowdown.com/style/font-awesome.css?0.13261647063804238" />
<link rel="stylesheet" href="//play.pokemonshowdown.com/style/battle.css?0.8753245789963631" />
<link rel="stylesheet" href="//play.pokemonshowdown.com/style/utilichart.css?0.8627959624976733" />

<!-- Global site tag (gtag.js) - Google Analytics -->
<script async src="https://www.googletagmanager.com/gtag/js?id=UA-26211653-1"></script>
<script>
  window.dataLayer = window.dataLayer || [];
  function gtag(){dataLayer.push(arguments);}
  gtag('js', new Date());

  gtag('config', 'UA-26211653-1');
</script>
<!-- End Google Analytics -->
<!-- Venatus Ad Manager - Install in <HEAD> of page -->
	<script src="https://hb.vntsm.com/v3/live/ad-manager.min.js" type="text/javascript" data-site-id="642aba63ec9a7b11c3c9c1be" data-mode="scan" async></script>
<!-- / Venatus Ad Manager -->

<style>
	@media (max-width:820px) {
		.battle {
			margin: 0 auto;
		}
		.battle-log {
			margin: 7px auto 0;
			max-width: 640px;
			height: 300px;
			position: static;
		}
	}
	.optgroup {
		display: inline-block;
		line-height: 22px;
		font-size: 10pt;
	}
	.optgroup .button {
		height: 25px;
		padding-top: 0;
		padding-bottom: 0;
	}
	.optgroup button.button {
		padding-left: 12px;
		padding-right: 12px;
	}
	.linklist {
		list-style: none;
		margin: 0.5em 0;
		padding: 0;
	}
	.linklist li {
		padding: 2px 0;
	}
	.sidebar {
		float: left;
		width: 320px;
	}
	.bar-wrapper {
		max-width: 1100px;
		margin: 0 auto;
	}
	.bar-wrapper.has-sidebar {
		max-width: 1430px;
	}
	.mainbar {
		margin: 0;
		padding-right: 1px;
	}
	.mainbar.has-sidebar {
		margin-left: 330px;
	}
	@media (min-width: 1511px) {
		.sidebar {
			width: 400px;
		}
		.bar-wrapper.has-sidebar {
			max-width: 1510px;
		}
		.mainbar.has-sidebar {
			margin-left: 410px;
		}
	}
	.section.first-section {
		margin-top: 9px;
	}
	.blocklink small {
		white-space: normal;
	}
	.button {
		vertical-align: middle;
	}
	.replay-controls {
		padding-top: 10px;
	}
	.replay-controls h1 {
		font-size: 16pt;
		font-weight: normal;
		color: #CCC;
	}
	.pagelink {
		text-align: center;
	}
	.pagelink a {
		width: 150px;
	}
	.textbox, .button {
		font-size: 11pt;
		vertical-align: middle;
	}
	@media (max-width: 450px) {
		.button {
			font-size: 9pt;
		}
	}
</style>

<div>

	<header>
		<div class="nav-wrapper"><ul class="nav">
			<li><a class="button nav-first" href="//pokemonshowdown.com/"><img src="//pokemonshowdown.com/images/pokemonshowdownbeta.png" srcset="//pokemonshowdown.com/images/pokemonshowdownbeta.png 1x, //pokemonshowdown.com/images/pokemonshowdownbeta@2x.png 2x" alt="Pok&eacute;mon Showdown" width="146" height="44" /> Home</a></li>
			<li><a class="button" href="//pokemonshowdown.com/dex/">Pok&eacute;dex</a></li>
			<li><a class="button cur" href="/">Replays</a></li>
			<li><a class="button" href="//pokemonshowdown.com/ladder/">Ladder</a></li>
			<li><a class="button nav-last" href="//pokemonshowdown.com/forums/">Forum</a></li>
			<li><a class="button greenbutton nav-first nav-last" href="//play.pokemonshowdown.com/">Play</a></li>
		</ul></div>
	</header>

	<div class="main" id="main">

		<noscript><section class="section">You need to enable JavaScript to use this page; sorry!</section></noscript>

	</div>

</div>

<script defer nomodule src="//play.pokemonshowdown.com/js/lib/ps-polyfill.js"></script>
<script defer src="//play.pokemonshowdown.com/js/lib/preact.min.js"></script>

<script defer src="//play.pokemonshowdown.com/config/config.js?2bddbc15"></script>
<script defer src="//play.pokemonshowdown.com/js/lib/jquery-1.11.0.min.js"></script>
<script defer src="//play.pokemonshowdown.com/js/lib/html-sanitizer-minified.js"></script>
<script defer src="//play.pokemonshowdown.com/js/battle-sound.js"></script>
<script defer src="//play.pokemonshowdown.com/js/battledata.js?0.7209276989879541"></script>
<script defer src="//play.pokemonshowdown.com/data/pokedex-mini.js?0.6111056340867951"></script>
<script defer src="//play.pokemonshowdown.com/data/pokedex-mini-bw.js?0.3532142036491459"></script>
<script defer src="//play.pokemonshowdown.com/data/graphics.js?0.24223875632456182"></script>
<script defer src="//play.pokemonshowdown.com/data/pokedex.js?0.38839984266356864"></script>
<script defer src="//play.pokemonshowdown.com/data/moves.js?0.21866028504024015"></script>
<script defer src="//play.pokemonshowdown.com/data/abilities.js?0.2005157953846628"></script>
<script defer src="//play.pokemonshowdown.com/data/items.js?0.9894211263848525"></script>
<script defer src="//play.pokemonshowdown.com/data/teambuilder-tables.js?0.6008791140282215"></script>
<script defer src="//play.pokemonshowdown.com/js/battle-tooltips.js?0.7580118955022959"></script>
<script defer src="//play.pokemonshowdown.com/js/battle.js?0.6057722274234274"></script>

<script defer src="js/utils.js?e31f9a17"></script>
<script defer src="js/replays-battle.js?7008c182"></script>

<!-- don't scrape this data! just add .json or .log after the URL!
Full API docs: https://github.com/smogon/pokemon-showdown-client/blob/master/WEB-API.md -->
<script type="text/plain" class="log" id="replaylog-smogtours-gen3ou-798638">
|inactive|Battle timer is ON: inactive players will automatically lose when time's up.
|t:|1728916711
|gametype|singles
|player|p1|Darth33|skier|
|player|p2|kittencel|lady|
|teamsize|p1|6
|teamsize|p2|6
|gen|3
|tier|[Gen 3] OU
|rule|Sleep Clause Mod: Limit one foe put to sleep
|rule|Switch Priority Clause Mod: Faster Pokémon switch first
|rule|Species Clause: Limit one of each Pokémon
|rule|OHKO Clause: OHKO moves are banned
|rule|Evasion Items Clause: Evasion items are banned
|rule|Evasion Moves Clause: Evasion moves are banned
|rule|Endless Battle Clause: Forcing endless battles is banned
|rule|HP Percentage Mod: HP is shown in percentages
|rule|One Boost Passer Clause: Limit one Baton Passer that has a way to boost its stats
|rule|Freeze Clause Mod: Limit one foe frozen
|
|t:|1728916711
|start
|switch|p1a: Bakunawa|Salamence, F|100/100
|switch|p2a: Swampert|Swampert, M|100/100
|-ability|p1a: Bakunawa|Intimidate|boost
|-unboost|p2a: Swampert|atk|1
|turn|1
|c|☆Darth33|glhf!
|c|☆kittencel|u2!
|inactive|kittencel has 270 seconds left.
|inactive|kittencel has 240 seconds left.
|
|t:|1728916782
|switch|p2a: Milotic|Milotic, F|100/100
|move|p1a: Bakunawa|Hidden Power|p2a: Milotic
|-supereffective|p2a: Milotic
|-damage|p2a: Milotic|68/100
|
|-heal|p2a: Milotic|74/100|[from] item: Leftovers
|upkeep
|turn|2
|
|t:|1728916790
|switch|p1a: Higante|Snorlax, M|100/100
|move|p2a: Milotic|Surf|p1a: Higante
|-damage|p1a: Higante|79/100
|
|-heal|p2a: Milotic|80/100|[from] item: Leftovers
|-heal|p1a: Higante|85/100|[from] item: Leftovers
|upkeep
|turn|3
|
|t:|1728916796
|switch|p2a: Metagross|Metagross|100/100
|move|p1a: Higante|Body Slam|p2a: Metagross
|-resisted|p2a: Metagross
|-damage|p2a: Metagross|87/100
|-status|p2a: Metagross|par
|
|-heal|p1a: Higante|91/100|[from] item: Leftovers
|-heal|p2a: Metagross|93/100 par|[from] item: Leftovers
|upkeep
|turn|4
|
|t:|1728916803
|switch|p1a: Hito|Swampert, M|100/100
|cant|p2a: Metagross|par
|
|-heal|p2a: Metagross|99/100 par|[from] item: Leftovers
|upkeep
|turn|5
|
|t:|1728916810
|switch|p2a: Celebi|Celebi|100/100
|move|p1a: Hito|Earthquake|p2a: Celebi
|-resisted|p2a: Celebi
|-damage|p2a: Celebi|85/100
|
|-heal|p2a: Celebi|91/100|[from] item: Leftovers
|upkeep
|turn|6
|
|t:|1728916821
|switch|p1a: Pirito|Zapdos|100/100
|move|p2a: Celebi|Leech Seed|p1a: Pirito
|-start|p1a: Pirito|move: Leech Seed
|
|-damage|p1a: Pirito|88/100|[from] Leech Seed|[of] p2a: Celebi
|-heal|p2a: Celebi|100/100|[silent]
|upkeep
|turn|7
|
|t:|1728916842
|move|p1a: Pirito|Thunder Wave|p2a: Celebi
|-status|p2a: Celebi|par
|move|p2a: Celebi|Calm Mind|p2a: Celebi
|-boost|p2a: Celebi|spa|1
|-boost|p2a: Celebi|spd|1
|
|-heal|p1a: Pirito|94/100|[from] item: Leftovers
|-damage|p1a: Pirito|82/100|[from] Leech Seed|[of] p2a: Celebi
|upkeep
|turn|8
|
|t:|1728916854
|switch|p1a: Higante|Snorlax, M|91/100
|cant|p2a: Celebi|par
|
|-heal|p1a: Higante|98/100|[from] item: Leftovers
|upkeep
|turn|9
|
|t:|1728916858
|move|p1a: Higante|Shadow Ball|p2a: Celebi
|-supereffective|p2a: Celebi
|-damage|p2a: Celebi|52/100 par
|cant|p2a: Celebi|par
|
|-heal|p1a: Higante|100/100|[from] item: Leftovers
|-heal|p2a: Celebi|58/100 par|[from] item: Leftovers
|upkeep
|turn|10
|
|t:|1728916864
|-curestatus|p2a: Celebi|par|[from] ability: Natural Cure
|switch|p2a: Metagross|Metagross|99/100 par
|move|p1a: Higante|Shadow Ball|p2a: Metagross
|-damage|p2a: Metagross|81/100 par
|
|-heal|p2a: Metagross|87/100 par|[from] item: Leftovers
|upkeep
|turn|11
|
|t:|1728916878
|switch|p1a: Hito|Swampert, M|100/100
|cant|p2a: Metagross|par
|
|-heal|p2a: Metagross|93/100 par|[from] item: Leftovers
|upkeep
|turn|12
|
|t:|1728916884
|move|p1a: Hito|Ice Beam|p2a: Metagross
|-resisted|p2a: Metagross
|-damage|p2a: Metagross|79/100 par
|move|p2a: Metagross|Toxic|p1a: Hito
|-status|p1a: Hito|tox
|
|-damage|p1a: Hito|94/100 tox|[from] psn
|-heal|p2a: Metagross|85/100 par|[from] item: Leftovers
|upkeep
|turn|13
|
|t:|1728916890
|switch|p2a: Milotic|Milotic, F|80/100
|move|p1a: Hito|Ice Beam|p2a: Milotic
|-resisted|p2a: Milotic
|-damage|p2a: Milotic|71/100
|
|-heal|p2a: Milotic|77/100|[from] item: Leftovers
|-heal|p1a: Hito|100/100 tox|[from] item: Leftovers
|-damage|p1a: Hito|88/100 tox|[from] psn
|upkeep
|turn|14
|
|t:|1728916894
|switch|p1a: Pirito|Zapdos|82/100
|move|p2a: Milotic|Surf|p1a: Pirito
|-damage|p1a: Pirito|37/100
|
|-heal|p1a: Pirito|43/100|[from] item: Leftovers
|-heal|p2a: Milotic|83/100|[from] item: Leftovers
|upkeep
|turn|15
|
|t:|1728916923
|move|p1a: Pirito|Thunderbolt|p2a: Milotic
|-supereffective|p2a: Milotic
|-damage|p2a: Milotic|10/100
|move|p2a: Milotic|Ice Beam|p1a: Pirito
|-supereffective|p1a: Pirito
|-damage|p1a: Pirito|0 fnt
|faint|p1a: Pirito
|
|t:|1728916932
|switch|p1a: Bakunawa|Salamence, F|100/100
|-ability|p1a: Bakunawa|Intimidate|boost
|-unboost|p2a: Milotic|atk|1
|
|-heal|p2a: Milotic|16/100|[from] item: Leftovers
|upkeep
|turn|16
|inactive|kittencel has 270 seconds left.
|
|t:|1728916955
|switch|p2a: Metagross|Metagross|85/100 par
|move|p1a: Bakunawa|Fire Blast|p2a: Metagross|[miss]
|-miss|p1a: Bakunawa|p2a: Metagross
|
|-heal|p2a: Metagross|91/100 par|[from] item: Leftovers
|upkeep
|turn|17
|c|☆Darth33|oml my luck
|inactive|kittencel has 270 seconds left.
|
|t:|1728916973
|switch|p1a: Hito|Swampert, M|88/100 tox
|move|p2a: Metagross|Explosion|p1a: Hito
|-damage|p1a: Hito|0 fnt
|faint|p2a: Metagross
|faint|p1a: Hito
|inactive|kittencel has 270 seconds left.
|
|t:|1728916982
|switch|p1a: Higante|Snorlax, M|100/100
|switch|p2a: Swampert|Swampert, M|100/100
|
|upkeep
|turn|18
|inactive|kittencel has 270 seconds left.
|
|t:|1728917019
|move|p2a: Swampert|Earthquake|p1a: Higante
|-damage|p1a: Higante|53/100
|move|p1a: Higante|Body Slam|p2a: Swampert
|-damage|p2a: Swampert|55/100
|-status|p2a: Swampert|par
|
|-heal|p1a: Higante|59/100|[from] item: Leftovers
|-heal|p2a: Swampert|62/100 par|[from] item: Leftovers
|upkeep
|turn|19
|
|t:|1728917029
|switch|p2a: Magneton|Magneton|100/100
|move|p1a: Higante|Body Slam|p2a: Magneton
|-resisted|p2a: Magneton
|-crit|p2a: Magneton
|-damage|p2a: Magneton|42/100
|-status|p2a: Magneton|par
|
|-heal|p1a: Higante|65/100|[from] item: Leftovers
|upkeep
|turn|20
|
|t:|1728917041
|switch|p2a: Salamence|Salamence, M|100/100
|-ability|p2a: Salamence|Intimidate|boost
|-unboost|p1a: Higante|atk|1
|move|p1a: Higante|Body Slam|p2a: Salamence
|-damage|p2a: Salamence|68/100
|
|-heal|p2a: Salamence|75/100|[from] item: Leftovers
|-heal|p1a: Higante|72/100|[from] item: Leftovers
|upkeep
|turn|21
|
|t:|1728917047
|move|p2a: Salamence|Dragon Dance|p2a: Salamence
|-boost|p2a: Salamence|atk|1
|-boost|p2a: Salamence|spe|1
|move|p1a: Higante|Self-Destruct|p2a: Salamence
|-damage|p2a: Salamence|0 fnt
|faint|p1a: Higante
|faint|p2a: Salamence
|
|t:|1728917058
|switch|p2a: Milotic|Milotic, F|16/100
|switch|p1a: Bakunawa|Salamence, F|100/100
|-ability|p1a: Bakunawa|Intimidate|boost
|-unboost|p2a: Milotic|atk|1
|
|-heal|p2a: Milotic|22/100|[from] item: Leftovers
|upkeep
|turn|22
|inactive|kittencel has 270 seconds left.
|
|t:|1728917070
|switch|p2a: Magneton|Magneton|42/100 par
|move|p1a: Bakunawa|Hidden Power|p2a: Magneton
|-resisted|p2a: Magneton
|-damage|p2a: Magneton|23/100 par
|
|upkeep
|turn|23
|
|t:|1728917073
|move|p1a: Bakunawa|Fire Blast|p2a: Magneton|[miss]
|-miss|p1a: Bakunawa|p2a: Magneton
|move|p2a: Magneton|Thunderbolt|p1a: Bakunawa
|-damage|p1a: Bakunawa|16/100
|
|-heal|p1a: Bakunawa|22/100|[from] item: Leftovers
|upkeep
|turn|24
|
|t:|1728917079
|move|p1a: Bakunawa|Brick Break|p2a: Magneton
|-supereffective|p2a: Magneton
|-damage|p2a: Magneton|0 fnt
|faint|p2a: Magneton
|
|t:|1728917081
|switch|p2a: Milotic|Milotic, F|22/100
|
|-heal|p1a: Bakunawa|28/100|[from] item: Leftovers
|-heal|p2a: Milotic|28/100|[from] item: Leftovers
|upkeep
|turn|25
|
|t:|1728917085
|switch|p2a: Swampert|Swampert, M|62/100 par
|move|p1a: Bakunawa|Hidden Power|p2a: Swampert
|-supereffective|p2a: Swampert
|-damage|p2a: Swampert|0 fnt
|faint|p2a: Swampert
|
|t:|1728917087
|switch|p2a: Milotic|Milotic, F|28/100
|
|-heal|p1a: Bakunawa|34/100|[from] item: Leftovers
|-heal|p2a: Milotic|34/100|[from] item: Leftovers
|upkeep
|turn|26
|
|t:|1728917091
|move|p1a: Bakunawa|Hidden Power|p2a: Milotic
|-supereffective|p2a: Milotic
|-damage|p2a: Milotic|5/100
|move|p2a: Milotic|Recover|p2a: Milotic
|-heal|p2a: Milotic|55/100
|
|-heal|p1a: Bakunawa|40/100|[from] item: Leftovers
|-heal|p2a: Milotic|61/100|[from] item: Leftovers
|upkeep
|turn|27
|
|t:|1728917098
|switch|p1a: Chat GPT|Metagross|100/100
|move|p2a: Milotic|Recover|p2a: Milotic
|-heal|p2a: Milotic|100/100
|
|upkeep
|turn|28
|
|t:|1728917106
|switch|p2a: Celebi|Celebi|58/100
|move|p1a: Chat GPT|Explosion|p2a: Celebi
|-damage|p2a: Celebi|0 fnt
|faint|p1a: Chat GPT
|faint|p2a: Celebi
|
|t:|1728917111
|switch|p2a: Milotic|Milotic, F|100/100
|switch|p1a: T-Man|Tyranitar, F|100/100
|-weather|Sandstorm|[from] ability: Sand Stream|[of] p1a: T-Man
|
|-weather|Sandstorm|[upkeep]
|-damage|p2a: Milotic|94/100|[from] Sandstorm
|-heal|p2a: Milotic|100/100|[from] item: Leftovers
|upkeep
|turn|29
|
|t:|1728917117
|move|p2a: Milotic|Surf|p1a: T-Man
|-supereffective|p1a: T-Man
|-damage|p1a: T-Man|24/100
|move|p1a: T-Man|Rock Slide|p2a: Milotic
|-damage|p2a: Milotic|55/100
|
|-weather|Sandstorm|[upkeep]
|-damage|p2a: Milotic|49/100|[from] Sandstorm
|-heal|p2a: Milotic|55/100|[from] item: Leftovers
|upkeep
|turn|30
|
|t:|1728917122
|move|p2a: Milotic|Surf|p1a: T-Man
|-supereffective|p1a: T-Man
|-damage|p1a: T-Man|0 fnt
|faint|p1a: T-Man
|
|t:|1728917124
|switch|p1a: Bakunawa|Salamence, F|40/100
|-ability|p1a: Bakunawa|Intimidate|boost
|-unboost|p2a: Milotic|atk|1
|
|-weather|Sandstorm|[upkeep]
|-damage|p1a: Bakunawa|34/100|[from] Sandstorm
|-damage|p2a: Milotic|49/100|[from] Sandstorm
|-heal|p1a: Bakunawa|40/100|[from] item: Leftovers
|-heal|p2a: Milotic|55/100|[from] item: Leftovers
|upkeep
|turn|31
|
|t:|1728917127
|move|p1a: Bakunawa|Hidden Power|p2a: Milotic
|-supereffective|p2a: Milotic
|-damage|p2a: Milotic|22/100
|move|p2a: Milotic|Ice Beam|p1a: Bakunawa
|-supereffective|p1a: Bakunawa
|-damage|p1a: Bakunawa|0 fnt
|faint|p1a: Bakunawa
|
|win|kittencel
|c|☆Darth33|ggs
|c|☆Darth33|i def should not have boomed lol
|c|☆kittencel|ye lmaoo
|player|p1|

</script>
<script type="application/json" class="data" id="replaydata-smogtours-gen3ou-798638">
{"id":"smogtours-gen3ou-798638","format":"[Gen 3] OU","players":["Darth33","kittencel"],"uploadtime":1728917127,"views":119,"formatid":"gen3ou","rating":null,"private":0,"password":null}
</script>

<script defer src="js/replays.js?9d40a366"></script>
