<!DOCTYPE html>
<meta charset="utf-8" />
<meta name="viewport" content="width=device-width" />

<title>[Gen 3] OU: SKITZ_MONEY vs. Depres_ionCher_y - Replays - Pok&eacute;mon Showdown!</title>

<meta name="description" content="Watch a replay of a Pok&eacute;mon battle between SKITZ_MONEY and Depres_ionCher_y! Format: [Gen 3] OU; Date: Oct 12, 2024" />
<!--

Hey, you! Looking in the source for the replay log?

You can find them in JSON format, just add `.json` at the end of a replay URL.

https://replay.pokemonshowdown.com/gen7randomdoublesbattle-865046831.json

Or, if you only need the log itself, add `.log` instead:

https://replay.pokemonshowdown.com/gen7randomdoublesbattle-865046831.log

-->

<link rel="stylesheet" href="//pokemonshowdown.com/style/global.css?0.767286132409787" />
<link rel="stylesheet" href="//play.pokemonshowdown.com/style/font-awesome.css?0.9266228007934947" />
<link rel="stylesheet" href="//play.pokemonshowdown.com/style/battle.css?0.7924700842790926" />
<link rel="stylesheet" href="//play.pokemonshowdown.com/style/utilichart.css?0.8777417872839479" />

<!-- Global site tag (gtag.js) - Google Analytics -->
<script async src="https://www.googletagmanager.com/gtag/js?id=UA-26211653-1"></script>
<script>
  window.dataLayer = window.dataLayer || [];
  function gtag(){dataLayer.push(arguments);}
  gtag('js', new Date());

  gtag('config', 'UA-26211653-1');
</script>
<!-- End Google Analytics -->
<!-- Venatus Ad Manager - Install in <HEAD> of page -->
	<script src="https://hb.vntsm.com/v3/live/ad-manager.min.js" type="text/javascript" data-site-id="642aba63ec9a7b11c3c9c1be" data-mode="scan" async></script>
<!-- / Venatus Ad Manager -->

<style>
	@media (max-width:820px) {
		.battle {
			margin: 0 auto;
		}
		.battle-log {
			margin: 7px auto 0;
			max-width: 640px;
			height: 300px;
			position: static;
		}
	}
	.optgroup {
		display: inline-block;
		line-height: 22px;
		font-size: 10pt;
	}
	.optgroup .button {
		height: 25px;
		padding-top: 0;
		padding-bottom: 0;
	}
	.optgroup button.button {
		padding-left: 12px;
		padding-right: 12px;
	}
	.linklist {
		list-style: none;
		margin: 0.5em 0;
		padding: 0;
	}
	.linklist li {
		padding: 2px 0;
	}
	.sidebar {
		float: left;
		width: 320px;
	}
	.bar-wrapper {
		max-width: 1100px;
		margin: 0 auto;
	}
	.bar-wrapper.has-sidebar {
		max-width: 1430px;
	}
	.mainbar {
		margin: 0;
		padding-right: 1px;
	}
	.mainbar.has-sidebar {
		margin-left: 330px;
	}
	@media (min-width: 1511px) {
		.sidebar {
			width: 400px;
		}
		.bar-wrapper.has-sidebar {
			max-width: 1510px;
		}
		.mainbar.has-sidebar {
			margin-left: 410px;
		}
	}
	.section.first-section {
		margin-top: 9px;
	}
	.blocklink small {
		white-space: normal;
	}
	.button {
		vertical-align: middle;
	}
	.replay-controls {
		padding-top: 10px;
	}
	.replay-controls h1 {
		font-size: 16pt;
		font-weight: normal;
		color: #CCC;
	}
	.pagelink {
		text-align: center;
	}
	.pagelink a {
		width: 150px;
	}
	.textbox, .button {
		font-size: 11pt;
		vertical-align: middle;
	}
	@media (max-width: 450px) {
		.button {
			font-size: 9pt;
		}
	}
</style>

<div>

	<header>
		<div class="nav-wrapper"><ul class="nav">
			<li><a class="button nav-first" href="//pokemonshowdown.com/"><img src="//pokemonshowdown.com/images/pokemonshowdownbeta.png" srcset="//pokemonshowdown.com/images/pokemonshowdownbeta.png 1x, //pokemonshowdown.com/images/pokemonshowdownbeta@2x.png 2x" alt="Pok&eacute;mon Showdown" width="146" height="44" /> Home</a></li>
			<li><a class="button" href="//pokemonshowdown.com/dex/">Pok&eacute;dex</a></li>
			<li><a class="button cur" href="/">Replays</a></li>
			<li><a class="button" href="//pokemonshowdown.com/ladder/">Ladder</a></li>
			<li><a class="button nav-last" href="//pokemonshowdown.com/forums/">Forum</a></li>
			<li><a class="button greenbutton nav-first nav-last" href="//play.pokemonshowdown.com/">Play</a></li>
		</ul></div>
	</header>

	<div class="main" id="main">

		<noscript><section class="section">You need to enable JavaScript to use this page; sorry!</section></noscript>

	</div>

</div>

<script defer nomodule src="//play.pokemonshowdown.com/js/lib/ps-polyfill.js"></script>
<script defer src="//play.pokemonshowdown.com/js/lib/preact.min.js"></script>

<script defer src="//play.pokemonshowdown.com/config/config.js?6dec07f6"></script>
<script defer src="//play.pokemonshowdown.com/js/lib/jquery-1.11.0.min.js"></script>
<script defer src="//play.pokemonshowdown.com/js/lib/html-sanitizer-minified.js"></script>
<script defer src="//play.pokemonshowdown.com/js/battle-sound.js"></script>
<script defer src="//play.pokemonshowdown.com/js/battledata.js?0.6315294753075389"></script>
<script defer src="//play.pokemonshowdown.com/data/pokedex-mini.js?0.7603743185311358"></script>
<script defer src="//play.pokemonshowdown.com/data/pokedex-mini-bw.js?0.030888842834281283"></script>
<script defer src="//play.pokemonshowdown.com/data/graphics.js?0.05593094747507488"></script>
<script defer src="//play.pokemonshowdown.com/data/pokedex.js?0.47064822249611904"></script>
<script defer src="//play.pokemonshowdown.com/data/moves.js?0.8583693120512459"></script>
<script defer src="//play.pokemonshowdown.com/data/abilities.js?0.16017181182386842"></script>
<script defer src="//play.pokemonshowdown.com/data/items.js?0.4163379185673943"></script>
<script defer src="//play.pokemonshowdown.com/data/teambuilder-tables.js?0.31075597372830477"></script>
<script defer src="//play.pokemonshowdown.com/js/battle-tooltips.js?0.6536193500708172"></script>
<script defer src="//play.pokemonshowdown.com/js/battle.js?0.1916591943277901"></script>

<script defer src="js/utils.js?e31f9a17"></script>
<script defer src="js/replays-battle.js?7008c182"></script>

<!-- don't scrape this data! just add .json or .log after the URL!
Full API docs: https://github.com/smogon/pokemon-showdown-client/blob/master/WEB-API.md -->
<script type="text/plain" class="log" id="replaylog-smogtours-gen3ou-797486">
|inactive|Battle timer is ON: inactive players will automatically lose when time's up.
|t:|1728747637
|gametype|singles
|player|p1|SKITZ_MONEY|266|
|player|p2|Depres_ionCher_y|waitress-gen4|
|teamsize|p1|6
|teamsize|p2|6
|gen|3
|tier|[Gen 3] OU
|rule|Sleep Clause Mod: Limit one foe put to sleep
|rule|Switch Priority Clause Mod: Faster Pokémon switch first
|rule|Species Clause: Limit one of each Pokémon
|rule|OHKO Clause: OHKO moves are banned
|rule|Evasion Items Clause: Evasion items are banned
|rule|Evasion Moves Clause: Evasion moves are banned
|rule|Endless Battle Clause: Forcing endless battles is banned
|rule|HP Percentage Mod: HP is shown in percentages
|rule|One Boost Passer Clause: Limit one Baton Passer that has a way to boost its stats
|rule|Freeze Clause Mod: Limit one foe frozen
|
|t:|1728747637
|start
|switch|p1a: Zapdos|Zapdos|100/100
|switch|p2a: Tyranitar|Tyranitar, M|100/100
|-weather|Sandstorm|[from] ability: Sand Stream|[of] p2a: Tyranitar
|turn|1
|c|☆Depres_ionCher_y|glhf
|
|t:|1728747647
|switch|p1a: Metagross|Metagross|100/100
|move|p2a: Tyranitar|Rock Slide|p1a: Metagross
|-resisted|p1a: Metagross
|-damage|p1a: Metagross|84/100
|
|-weather|Sandstorm|[upkeep]
|-heal|p1a: Metagross|90/100|[from] item: Leftovers
|upkeep
|turn|2
|c|☆SKITZ_MONEY|gl hf
|
|t:|1728747658
|switch|p2a: Skarmory|Skarmory, F|100/100
|switch|p1a: Zapdos|Zapdos|100/100
|
|-weather|Sandstorm|[upkeep]
|-damage|p1a: Zapdos|94/100|[from] Sandstorm
|-heal|p1a: Zapdos|100/100|[from] item: Leftovers
|upkeep
|turn|3
|
|t:|1728747674
|switch|p2a: Celebi|Celebi|100/100
|move|p1a: Zapdos|Substitute|p1a: Zapdos
|-start|p1a: Zapdos|Substitute
|-damage|p1a: Zapdos|76/100
|
|-weather|Sandstorm|[upkeep]
|-damage|p1a: Zapdos|69/100|[from] Sandstorm
|-damage|p2a: Celebi|94/100|[from] Sandstorm
|-heal|p1a: Zapdos|76/100|[from] item: Leftovers
|-heal|p2a: Celebi|100/100|[from] item: Leftovers
|upkeep
|turn|4
|
|t:|1728747680
|move|p1a: Zapdos|Baton Pass|p1a: Zapdos
|
|t:|1728747690
|switch|p1a: Metagross|Metagross|90/100|[from] Baton Pass
|move|p2a: Celebi|Hidden Power|p1a: Metagross
|-supereffective|p1a: Metagross
|-end|p1a: Metagross|Substitute
|
|-weather|Sandstorm|[upkeep]
|-damage|p2a: Celebi|94/100|[from] Sandstorm
|-heal|p2a: Celebi|100/100|[from] item: Leftovers
|-heal|p1a: Metagross|96/100|[from] item: Leftovers
|upkeep
|turn|5
|
|t:|1728747701
|switch|p2a: Skarmory|Skarmory, F|100/100
|move|p1a: Metagross|Meteor Mash|p2a: Skarmory
|-resisted|p2a: Skarmory
|-damage|p2a: Skarmory|74/100
|-boost|p1a: Metagross|atk|1
|
|-weather|Sandstorm|[upkeep]
|-heal|p2a: Skarmory|80/100|[from] item: Leftovers
|-heal|p1a: Metagross|100/100|[from] item: Leftovers
|upkeep
|turn|6
|
|t:|1728747713
|move|p2a: Skarmory|Spikes|p1a: Metagross
|-sidestart|p1: SKITZ_MONEY|Spikes
|move|p1a: Metagross|Meteor Mash|p2a: Skarmory
|-resisted|p2a: Skarmory
|-crit|p2a: Skarmory
|-damage|p2a: Skarmory|0 fnt
|-boost|p1a: Metagross|atk|1
|faint|p2a: Skarmory
|c|☆SKITZ_MONEY|mb
|
|t:|1728747733
|switch|p2a: Swampert|Swampert, F|100/100
|
|-weather|Sandstorm|[upkeep]
|upkeep
|turn|7
|
|t:|1728747741
|move|p2a: Swampert|Earthquake|p1a: Metagross
|-supereffective|p1a: Metagross
|-damage|p1a: Metagross|42/100
|move|p1a: Metagross|Explosion|p2a: Swampert
|-damage|p2a: Swampert|0 fnt
|faint|p1a: Metagross
|faint|p2a: Swampert
|
|t:|1728747755
|switch|p2a: Celebi|Celebi|100/100
|switch|p1a: Dugtrio|Dugtrio, M|100/100
|-damage|p1a: Dugtrio|88/100|[from] Spikes
|
|-weather|Sandstorm|[upkeep]
|-damage|p2a: Celebi|94/100|[from] Sandstorm
|-heal|p2a: Celebi|100/100|[from] item: Leftovers
|upkeep
|turn|8
|
|t:|1728747757
|move|p1a: Dugtrio|Hidden Power|p2a: Celebi
|-supereffective|p2a: Celebi
|-damage|p2a: Celebi|22/100
|move|p2a: Celebi|Giga Drain|p1a: Dugtrio
|-supereffective|p1a: Dugtrio
|-damage|p1a: Dugtrio|0 fnt
|-heal|p2a: Celebi|46/100|[from] drain|[of] p1a: Dugtrio
|faint|p1a: Dugtrio
|
|t:|1728747768
|switch|p1a: Entei|Entei|100/100
|-damage|p1a: Entei|88/100|[from] Spikes
|
|-weather|Sandstorm|[upkeep]
|-damage|p1a: Entei|82/100|[from] Sandstorm
|-damage|p2a: Celebi|40/100|[from] Sandstorm
|-heal|p1a: Entei|88/100|[from] item: Leftovers
|-heal|p2a: Celebi|46/100|[from] item: Leftovers
|upkeep
|turn|9
|
|t:|1728747784
|switch|p2a: Magcargo|Magcargo, M|100/100
|move|p1a: Entei|Flamethrower|p2a: Magcargo
|-resisted|p2a: Magcargo
|-damage|p2a: Magcargo|91/100
|
|-weather|Sandstorm|[upkeep]
|-damage|p1a: Entei|82/100|[from] Sandstorm
|-heal|p1a: Entei|88/100|[from] item: Leftovers
|-heal|p2a: Magcargo|97/100|[from] item: Leftovers
|upkeep
|turn|10
|
|t:|1728747794
|move|p1a: Entei|Substitute|p1a: Entei
|-start|p1a: Entei|Substitute
|-damage|p1a: Entei|63/100
|move|p2a: Magcargo|Toxic||[still]
|-fail|p2a: Magcargo
|
|-weather|Sandstorm|[upkeep]
|-damage|p1a: Entei|57/100|[from] Sandstorm
|-heal|p1a: Entei|63/100|[from] item: Leftovers
|-heal|p2a: Magcargo|100/100|[from] item: Leftovers
|upkeep
|turn|11
|
|t:|1728747797
|move|p1a: Entei|Calm Mind|p1a: Entei
|-boost|p1a: Entei|spa|1
|-boost|p1a: Entei|spd|1
|move|p2a: Magcargo|Rock Slide|p1a: Entei|[miss]
|-miss|p2a: Magcargo|p1a: Entei
|
|-weather|Sandstorm|[upkeep]
|-damage|p1a: Entei|57/100|[from] Sandstorm
|-heal|p1a: Entei|63/100|[from] item: Leftovers
|upkeep
|turn|12
|
|t:|1728747807
|move|p1a: Entei|Hidden Power|p2a: Magcargo
|-damage|p2a: Magcargo|72/100
|move|p2a: Magcargo|Rock Slide|p1a: Entei
|-supereffective|p1a: Entei
|-end|p1a: Entei|Substitute
|
|-weather|Sandstorm|[upkeep]
|-damage|p1a: Entei|57/100|[from] Sandstorm
|-heal|p1a: Entei|63/100|[from] item: Leftovers
|-heal|p2a: Magcargo|78/100|[from] item: Leftovers
|upkeep
|turn|13
|
|t:|1728747814
|switch|p1a: Suicune|Suicune|100/100
|-damage|p1a: Suicune|88/100|[from] Spikes
|move|p2a: Magcargo|Rock Slide|p1a: Suicune
|-damage|p1a: Suicune|76/100
|
|-weather|Sandstorm|[upkeep]
|-damage|p1a: Suicune|70/100|[from] Sandstorm
|-heal|p1a: Suicune|76/100|[from] item: Leftovers
|-heal|p2a: Magcargo|85/100|[from] item: Leftovers
|upkeep
|turn|14
|
|t:|1728747831
|move|p1a: Suicune|Substitute|p1a: Suicune
|-start|p1a: Suicune|Substitute
|-damage|p1a: Suicune|51/100
|move|p2a: Magcargo|Toxic||[still]
|-fail|p2a: Magcargo
|
|-weather|Sandstorm|[upkeep]
|-damage|p1a: Suicune|45/100|[from] Sandstorm
|-heal|p1a: Suicune|51/100|[from] item: Leftovers
|-heal|p2a: Magcargo|91/100|[from] item: Leftovers
|upkeep
|turn|15
|
|t:|1728747835
|switch|p2a: Tyranitar|Tyranitar, M|100/100
|move|p1a: Suicune|Surf|p2a: Tyranitar
|-supereffective|p2a: Tyranitar
|-damage|p2a: Tyranitar|41/100
|
|-weather|Sandstorm|[upkeep]
|-damage|p1a: Suicune|45/100|[from] Sandstorm
|-heal|p1a: Suicune|51/100|[from] item: Leftovers
|upkeep
|turn|16
|
|t:|1728747840
|switch|p2a: Celebi|Celebi|46/100
|move|p1a: Suicune|Surf|p2a: Celebi
|-resisted|p2a: Celebi
|-damage|p2a: Celebi|34/100
|
|-weather|Sandstorm|[upkeep]
|-damage|p1a: Suicune|45/100|[from] Sandstorm
|-damage|p2a: Celebi|27/100|[from] Sandstorm
|-heal|p1a: Suicune|51/100|[from] item: Leftovers
|-heal|p2a: Celebi|34/100|[from] item: Leftovers
|upkeep
|turn|17
|
|t:|1728747850
|move|p1a: Suicune|Ice Beam|p2a: Celebi
|-supereffective|p2a: Celebi
|-damage|p2a: Celebi|0 fnt
|faint|p2a: Celebi
|
|t:|1728747856
|switch|p2a: Aerodactyl|Aerodactyl, F|100/100
|
|-weather|Sandstorm|[upkeep]
|-damage|p1a: Suicune|45/100|[from] Sandstorm
|-heal|p1a: Suicune|51/100|[from] item: Leftovers
|upkeep
|turn|18
|
|t:|1728747861
|move|p2a: Aerodactyl|Double-Edge|p1a: Suicune
|-end|p1a: Suicune|Substitute
|move|p1a: Suicune|Surf|p2a: Aerodactyl
|-supereffective|p2a: Aerodactyl
|-damage|p2a: Aerodactyl|10/100
|
|-weather|Sandstorm|[upkeep]
|-damage|p1a: Suicune|45/100|[from] Sandstorm
|-heal|p1a: Suicune|51/100|[from] item: Leftovers
|upkeep
|turn|19
|
|t:|1728747879
|switch|p2a: Tyranitar|Tyranitar, M|41/100
|move|p1a: Suicune|Surf|p2a: Tyranitar
|-supereffective|p2a: Tyranitar
|-damage|p2a: Tyranitar|0 fnt
|faint|p2a: Tyranitar
|
|t:|1728747882
|switch|p2a: Aerodactyl|Aerodactyl, F|10/100
|
|-weather|Sandstorm|[upkeep]
|-damage|p1a: Suicune|45/100|[from] Sandstorm
|-heal|p1a: Suicune|51/100|[from] item: Leftovers
|upkeep
|turn|20
|
|t:|1728747893
|move|p2a: Aerodactyl|Rock Slide|p1a: Suicune
|-damage|p1a: Suicune|16/100
|move|p1a: Suicune|Surf|p2a: Aerodactyl
|-supereffective|p2a: Aerodactyl
|-damage|p2a: Aerodactyl|0 fnt
|faint|p2a: Aerodactyl
|c|☆SKITZ_MONEY| gg
|c|☆Depres_ionCher_y|gg
|c|☆SKITZ_MONEY|unless michael has something up his sleeve
|c|☆SKITZ_MONEY|lol
|-message|Depres_ionCher_y forfeited.
|
|win|SKITZ_MONEY

</script>
<script type="application/json" class="data" id="replaydata-smogtours-gen3ou-797486">
{"id":"smogtours-gen3ou-797486","format":"[Gen 3] OU","players":["SKITZ_MONEY","Depres_ionCher_y"],"uploadtime":1728747906,"views":160,"formatid":"gen3ou","rating":null,"private":0,"password":null}
</script>

<script defer src="js/replays.js?9d40a366"></script>
