<!DOCTYPE html>
<meta charset="utf-8" />
<meta name="viewport" content="width=device-width" />

<title>[Gen 3] OU: Sepulo vs. AC77 - Replays - Pok&eacute;mon Showdown!</title>

<meta name="description" content="Watch a replay of a Pok&eacute;mon battle between Sepulo and AC77! Format: [Gen 3] OU; Date: Nov 10, 2024" />
<!--

Hey, you! Looking in the source for the replay log?

You can find them in JSON format, just add `.json` at the end of a replay URL.

https://replay.pokemonshowdown.com/gen7randomdoublesbattle-865046831.json

Or, if you only need the log itself, add `.log` instead:

https://replay.pokemonshowdown.com/gen7randomdoublesbattle-865046831.log

-->

<link rel="stylesheet" href="//pokemonshowdown.com/style/global.css?0.023195364461161105" />
<link rel="stylesheet" href="//play.pokemonshowdown.com/style/font-awesome.css?0.13261647063804238" />
<link rel="stylesheet" href="//play.pokemonshowdown.com/style/battle.css?0.8753245789963631" />
<link rel="stylesheet" href="//play.pokemonshowdown.com/style/utilichart.css?0.8627959624976733" />

<!-- Global site tag (gtag.js) - Google Analytics -->
<script async src="https://www.googletagmanager.com/gtag/js?id=UA-26211653-1"></script>
<script>
  window.dataLayer = window.dataLayer || [];
  function gtag(){dataLayer.push(arguments);}
  gtag('js', new Date());

  gtag('config', 'UA-26211653-1');
</script>
<!-- End Google Analytics -->
<!-- Venatus Ad Manager - Install in <HEAD> of page -->
	<script src="https://hb.vntsm.com/v3/live/ad-manager.min.js" type="text/javascript" data-site-id="642aba63ec9a7b11c3c9c1be" data-mode="scan" async></script>
<!-- / Venatus Ad Manager -->

<style>
	@media (max-width:820px) {
		.battle {
			margin: 0 auto;
		}
		.battle-log {
			margin: 7px auto 0;
			max-width: 640px;
			height: 300px;
			position: static;
		}
	}
	.optgroup {
		display: inline-block;
		line-height: 22px;
		font-size: 10pt;
	}
	.optgroup .button {
		height: 25px;
		padding-top: 0;
		padding-bottom: 0;
	}
	.optgroup button.button {
		padding-left: 12px;
		padding-right: 12px;
	}
	.linklist {
		list-style: none;
		margin: 0.5em 0;
		padding: 0;
	}
	.linklist li {
		padding: 2px 0;
	}
	.sidebar {
		float: left;
		width: 320px;
	}
	.bar-wrapper {
		max-width: 1100px;
		margin: 0 auto;
	}
	.bar-wrapper.has-sidebar {
		max-width: 1430px;
	}
	.mainbar {
		margin: 0;
		padding-right: 1px;
	}
	.mainbar.has-sidebar {
		margin-left: 330px;
	}
	@media (min-width: 1511px) {
		.sidebar {
			width: 400px;
		}
		.bar-wrapper.has-sidebar {
			max-width: 1510px;
		}
		.mainbar.has-sidebar {
			margin-left: 410px;
		}
	}
	.section.first-section {
		margin-top: 9px;
	}
	.blocklink small {
		white-space: normal;
	}
	.button {
		vertical-align: middle;
	}
	.replay-controls {
		padding-top: 10px;
	}
	.replay-controls h1 {
		font-size: 16pt;
		font-weight: normal;
		color: #CCC;
	}
	.pagelink {
		text-align: center;
	}
	.pagelink a {
		width: 150px;
	}
	.textbox, .button {
		font-size: 11pt;
		vertical-align: middle;
	}
	@media (max-width: 450px) {
		.button {
			font-size: 9pt;
		}
	}
</style>

<div>

	<header>
		<div class="nav-wrapper"><ul class="nav">
			<li><a class="button nav-first" href="//pokemonshowdown.com/"><img src="//pokemonshowdown.com/images/pokemonshowdownbeta.png" srcset="//pokemonshowdown.com/images/pokemonshowdownbeta.png 1x, //pokemonshowdown.com/images/pokemonshowdownbeta@2x.png 2x" alt="Pok&eacute;mon Showdown" width="146" height="44" /> Home</a></li>
			<li><a class="button" href="//pokemonshowdown.com/dex/">Pok&eacute;dex</a></li>
			<li><a class="button cur" href="/">Replays</a></li>
			<li><a class="button" href="//pokemonshowdown.com/ladder/">Ladder</a></li>
			<li><a class="button nav-last" href="//pokemonshowdown.com/forums/">Forum</a></li>
			<li><a class="button greenbutton nav-first nav-last" href="//play.pokemonshowdown.com/">Play</a></li>
		</ul></div>
	</header>

	<div class="main" id="main">

		<noscript><section class="section">You need to enable JavaScript to use this page; sorry!</section></noscript>

	</div>

</div>

<script defer nomodule src="//play.pokemonshowdown.com/js/lib/ps-polyfill.js"></script>
<script defer src="//play.pokemonshowdown.com/js/lib/preact.min.js"></script>

<script defer src="//play.pokemonshowdown.com/config/config.js?2bddbc15"></script>
<script defer src="//play.pokemonshowdown.com/js/lib/jquery-1.11.0.min.js"></script>
<script defer src="//play.pokemonshowdown.com/js/lib/html-sanitizer-minified.js"></script>
<script defer src="//play.pokemonshowdown.com/js/battle-sound.js"></script>
<script defer src="//play.pokemonshowdown.com/js/battledata.js?0.7209276989879541"></script>
<script defer src="//play.pokemonshowdown.com/data/pokedex-mini.js?0.6111056340867951"></script>
<script defer src="//play.pokemonshowdown.com/data/pokedex-mini-bw.js?0.3532142036491459"></script>
<script defer src="//play.pokemonshowdown.com/data/graphics.js?0.24223875632456182"></script>
<script defer src="//play.pokemonshowdown.com/data/pokedex.js?0.38839984266356864"></script>
<script defer src="//play.pokemonshowdown.com/data/moves.js?0.21866028504024015"></script>
<script defer src="//play.pokemonshowdown.com/data/abilities.js?0.2005157953846628"></script>
<script defer src="//play.pokemonshowdown.com/data/items.js?0.9894211263848525"></script>
<script defer src="//play.pokemonshowdown.com/data/teambuilder-tables.js?0.6008791140282215"></script>
<script defer src="//play.pokemonshowdown.com/js/battle-tooltips.js?0.7580118955022959"></script>
<script defer src="//play.pokemonshowdown.com/js/battle.js?0.6057722274234274"></script>

<script defer src="js/utils.js?e31f9a17"></script>
<script defer src="js/replays-battle.js?7008c182"></script>

<!-- don't scrape this data! just add .json or .log after the URL!
Full API docs: https://github.com/smogon/pokemon-showdown-client/blob/master/WEB-API.md -->
<script type="text/plain" class="log" id="replaylog-smogtours-gen3ou-805662">
|inactive|Battle timer is ON: inactive players will automatically lose when time's up.
|t:|1731207821
|gametype|singles
|player|p1|Sepulo|pokemonbreeder|
|player|p2|AC77|karen|
|teamsize|p1|6
|teamsize|p2|6
|gen|3
|tier|[Gen 3] OU
|rule|Sleep Clause Mod: Limit one foe put to sleep
|rule|Switch Priority Clause Mod: Faster Pokémon switch first
|rule|Species Clause: Limit one of each Pokémon
|rule|OHKO Clause: OHKO moves are banned
|rule|Evasion Items Clause: Evasion items are banned
|rule|Evasion Moves Clause: Evasion moves are banned
|rule|Endless Battle Clause: Forcing endless battles is banned
|rule|HP Percentage Mod: HP is shown in percentages
|rule|One Boost Passer Clause: Limit one Baton Passer that has a way to boost its stats
|rule|Freeze Clause Mod: Limit one foe frozen
|
|t:|1731207821
|start
|switch|p1a: Breloom|Breloom, F|100/100
|switch|p2a: Zapdos|Zapdos|100/100
|turn|1
|inactive|AC77 also wants the timer to be on.
|c|☆AC77|hf
|c|☆Sepulo|u2
|inactive|AC77 has 270 seconds left.
|inactive|AC77 has 240 seconds left.
|inactive|AC77 has 210 seconds left.
|
|t:|1731207913
|move|p2a: Zapdos|Thunderbolt|p1a: Breloom
|-resisted|p1a: Breloom
|-damage|p1a: Breloom|50/100
|move|p1a: Breloom|Hidden Power|p2a: Zapdos
|-supereffective|p2a: Zapdos
|-damage|p2a: Zapdos|41/100
|
|-heal|p2a: Zapdos|47/100|[from] item: Leftovers
|-heal|p1a: Breloom|56/100|[from] item: Leftovers
|upkeep
|turn|2
|inactive|AC77 has 270 seconds left.
|
|t:|1731207927
|move|p2a: Zapdos|Thunder Wave|p1a: Breloom
|-status|p1a: Breloom|par
|cant|p1a: Breloom|par
|
|-heal|p2a: Zapdos|53/100|[from] item: Leftovers
|-heal|p1a: Breloom|62/100 par|[from] item: Leftovers
|upkeep
|turn|3
|
|t:|1731207932
|move|p2a: Zapdos|Thunderbolt|p1a: Breloom
|-resisted|p1a: Breloom
|-damage|p1a: Breloom|12/100 par
|move|p1a: Breloom|Spore|p2a: Zapdos
|-status|p2a: Zapdos|slp|[from] move: Spore
|
|-heal|p2a: Zapdos|60/100 slp|[from] item: Leftovers
|-heal|p1a: Breloom|18/100 par|[from] item: Leftovers
|upkeep
|turn|4
|
|t:|1731207937
|-singleturn|p1a: Breloom|move: Focus Punch
|switch|p2a: Salamence|Salamence, F|100/100
|-ability|p2a: Salamence|Intimidate|boost
|-unboost|p1a: Breloom|atk|1
|move|p1a: Breloom|Focus Punch|p2a: Salamence
|-resisted|p2a: Salamence
|-damage|p2a: Salamence|72/100
|
|-heal|p2a: Salamence|78/100|[from] item: Leftovers
|-heal|p1a: Breloom|24/100 par|[from] item: Leftovers
|upkeep
|turn|5
|
|t:|1731207963
|switch|p1a: Zapdos|Zapdos|100/100
|move|p2a: Salamence|Dragon Claw|p1a: Zapdos
|-damage|p1a: Zapdos|58/100
|
|-heal|p1a: Zapdos|64/100|[from] item: Leftovers
|-heal|p2a: Salamence|84/100|[from] item: Leftovers
|upkeep
|turn|6
|
|t:|1731207978
|switch|p2a: Tyranitar|Tyranitar, F|100/100
|-weather|Sandstorm|[from] ability: Sand Stream|[of] p2a: Tyranitar
|move|p1a: Zapdos|Baton Pass|p1a: Zapdos
|inactive|Sepulo has 270 seconds left.
|
|t:|1731208019
|switch|p1a: Dugtrio|Dugtrio, F|100/100|[from] Baton Pass
|
|-weather|Sandstorm|[upkeep]
|upkeep
|turn|7
|
|t:|1731208031
|move|p1a: Dugtrio|Earthquake|p2a: Tyranitar
|-supereffective|p2a: Tyranitar
|-damage|p2a: Tyranitar|22/100
|move|p2a: Tyranitar|Ice Beam|p1a: Dugtrio
|-supereffective|p1a: Dugtrio
|-damage|p1a: Dugtrio|12/100
|-status|p1a: Dugtrio|frz
|
|-weather|Sandstorm|[upkeep]
|upkeep
|turn|8
|c|☆AC77|mb
|
|t:|1731208045
|cant|p1a: Dugtrio|frz
|move|p2a: Tyranitar|Ice Beam|p1a: Dugtrio
|-supereffective|p1a: Dugtrio
|-damage|p1a: Dugtrio|0 fnt
|faint|p1a: Dugtrio
|c|☆Sepulo|its ok
|
|t:|1731208050
|switch|p1a: Zapdos|Zapdos|64/100
|
|-weather|Sandstorm|[upkeep]
|-damage|p1a: Zapdos|58/100|[from] Sandstorm
|-heal|p1a: Zapdos|64/100|[from] item: Leftovers
|upkeep
|turn|9
|inactive|AC77 has 270 seconds left.
|inactive|AC77 has 240 seconds left.
|inactive|AC77 has 210 seconds left.
|
|t:|1731208141
|move|p1a: Zapdos|Thunderbolt|p2a: Tyranitar
|-damage|p2a: Tyranitar|0 fnt
|faint|p2a: Tyranitar
|inactive|AC77 has 210 seconds left.
|
|t:|1731208154
|switch|p2a: Heracross|Heracross, F|100/100
|
|-weather|Sandstorm|[upkeep]
|-damage|p1a: Zapdos|58/100|[from] Sandstorm
|-damage|p2a: Heracross|94/100|[from] Sandstorm
|-heal|p1a: Zapdos|64/100|[from] item: Leftovers
|-heal|p2a: Heracross|100/100|[from] item: Leftovers
|upkeep
|turn|10
|
|t:|1731208165
|move|p1a: Zapdos|Thunderbolt|p2a: Heracross
|-damage|p2a: Heracross|46/100
|-status|p2a: Heracross|par
|move|p2a: Heracross|Rock Slide|p1a: Zapdos
|-supereffective|p1a: Zapdos
|-damage|p1a: Zapdos|0 fnt
|faint|p1a: Zapdos
|inactive|Sepulo has 270 seconds left.
|
|t:|1731208189
|switch|p1a: Snorlax|Snorlax, F|100/100
|
|-weather|Sandstorm|[upkeep]
|-damage|p1a: Snorlax|94/100|[from] Sandstorm
|-damage|p2a: Heracross|40/100 par|[from] Sandstorm
|-heal|p1a: Snorlax|100/100|[from] item: Leftovers
|-heal|p2a: Heracross|46/100 par|[from] item: Leftovers
|upkeep
|turn|11
|inactive|AC77 has 210 seconds left.
|
|t:|1731208212
|move|p1a: Snorlax|Body Slam|p2a: Heracross
|-crit|p2a: Heracross
|-damage|p2a: Heracross|0 fnt
|faint|p2a: Heracross
|inactive|AC77 has 210 seconds left.
|
|t:|1731208239
|switch|p2a: Breloom|Breloom, M|100/100
|
|-weather|Sandstorm|[upkeep]
|-damage|p2a: Breloom|94/100|[from] Sandstorm
|-damage|p1a: Snorlax|94/100|[from] Sandstorm
|-heal|p1a: Snorlax|100/100|[from] item: Leftovers
|upkeep
|turn|12
|
|t:|1731208247
|switch|p1a: Breloom|Breloom, F|24/100 par
|move|p2a: Breloom|Spore||[still]
|-fail|p2a: Breloom
|
|-weather|Sandstorm|[upkeep]
|-damage|p2a: Breloom|88/100|[from] Sandstorm
|-damage|p1a: Breloom|18/100 par|[from] Sandstorm
|-heal|p1a: Breloom|24/100 par|[from] item: Leftovers
|upkeep
|turn|13
|
|t:|1731208262
|move|p2a: Breloom|Mach Punch|p1a: Breloom
|-crit|p1a: Breloom
|-damage|p1a: Breloom|0 fnt
|faint|p1a: Breloom
|
|t:|1731208266
|switch|p1a: Houndoom|Houndoom, M|100/100
|
|-weather|Sandstorm|[upkeep]
|-damage|p1a: Houndoom|94/100|[from] Sandstorm
|-damage|p2a: Breloom|82/100|[from] Sandstorm
|-heal|p1a: Houndoom|100/100|[from] item: Leftovers
|upkeep
|turn|14
|inactive|AC77 has 180 seconds left.
|
|t:|1731208302
|switch|p2a: Salamence|Salamence, F|84/100
|-ability|p2a: Salamence|Intimidate|boost
|-unboost|p1a: Houndoom|atk|1
|move|p1a: Houndoom|Fire Blast|p2a: Salamence
|-resisted|p2a: Salamence
|-damage|p2a: Salamence|44/100
|
|-weather|Sandstorm|[upkeep]
|-damage|p2a: Salamence|38/100|[from] Sandstorm
|-damage|p1a: Houndoom|94/100|[from] Sandstorm
|-heal|p2a: Salamence|44/100|[from] item: Leftovers
|-heal|p1a: Houndoom|100/100|[from] item: Leftovers
|upkeep
|turn|15
|inactive|AC77 has 180 seconds left.
|
|t:|1731208314
|switch|p1a: Swampert|Swampert, F|100/100
|move|p2a: Salamence|Brick Break|p1a: Swampert
|-damage|p1a: Swampert|80/100
|
|-weather|Sandstorm|[upkeep]
|-damage|p2a: Salamence|38/100|[from] Sandstorm
|-heal|p2a: Salamence|44/100|[from] item: Leftovers
|-heal|p1a: Swampert|87/100|[from] item: Leftovers
|upkeep
|turn|16
|inactive|AC77 has 180 seconds left.
|
|t:|1731208335
|move|p2a: Salamence|Hidden Power|p1a: Swampert
|-supereffective|p1a: Swampert
|-damage|p1a: Swampert|15/100
|move|p1a: Swampert|Ice Beam|p2a: Salamence
|-supereffective|p2a: Salamence
|-damage|p2a: Salamence|0 fnt
|faint|p2a: Salamence
|inactive|AC77 has 180 seconds left.
|inactive|AC77 has 150 seconds left.
|inactive|AC77 has 120 seconds left.
|
|t:|1731208404
|switch|p2a: Metagross|Metagross|100/100
|
|-weather|Sandstorm|[upkeep]
|-heal|p1a: Swampert|22/100|[from] item: Leftovers
|upkeep
|turn|17
|
|t:|1731208409
|move|p2a: Metagross|Agility|p2a: Metagross
|-boost|p2a: Metagross|spe|2
|move|p1a: Swampert|Earthquake|p2a: Metagross
|-supereffective|p2a: Metagross
|-damage|p2a: Metagross|32/100
|
|-weather|Sandstorm|[upkeep]
|-heal|p2a: Metagross|38/100|[from] item: Leftovers
|-heal|p1a: Swampert|28/100|[from] item: Leftovers
|upkeep
|turn|18
|
|t:|1731208421
|move|p2a: Metagross|Earthquake|p1a: Swampert
|-damage|p1a: Swampert|0 fnt
|faint|p1a: Swampert
|
|t:|1731208423
|switch|p1a: Snorlax|Snorlax, F|100/100
|
|-weather|Sandstorm|[upkeep]
|-damage|p1a: Snorlax|94/100|[from] Sandstorm
|-heal|p2a: Metagross|44/100|[from] item: Leftovers
|-heal|p1a: Snorlax|100/100|[from] item: Leftovers
|upkeep
|turn|19
|inactive|AC77 has 120 seconds left.
|inactive|AC77 has 90 seconds left.
|
|t:|1731208476
|switch|p2a: Zapdos|Zapdos|60/100 slp
|move|p1a: Snorlax|Self-Destruct|p2a: Zapdos
|-damage|p2a: Zapdos|0 fnt
|faint|p1a: Snorlax
|faint|p2a: Zapdos
|
|t:|1731208485
|switch|p2a: Breloom|Breloom, M|82/100
|switch|p1a: Houndoom|Houndoom, M|100/100
|
|-weather|Sandstorm|[upkeep]
|-damage|p1a: Houndoom|94/100|[from] Sandstorm
|-damage|p2a: Breloom|76/100|[from] Sandstorm
|-heal|p1a: Houndoom|100/100|[from] item: Leftovers
|upkeep
|turn|20
|
|t:|1731208498
|move|p2a: Breloom|Mach Punch|p1a: Houndoom
|-supereffective|p1a: Houndoom
|-damage|p1a: Houndoom|21/100
|move|p1a: Houndoom|Fire Blast|p2a: Breloom
|-supereffective|p2a: Breloom
|-damage|p2a: Breloom|0 fnt
|faint|p2a: Breloom
|
|t:|1731208503
|switch|p2a: Metagross|Metagross|44/100
|
|-weather|Sandstorm|[upkeep]
|-damage|p1a: Houndoom|15/100|[from] Sandstorm
|-heal|p1a: Houndoom|21/100|[from] item: Leftovers
|-heal|p2a: Metagross|50/100|[from] item: Leftovers
|upkeep
|turn|21
|c|☆AC77|gg
|inactive|Sepulo has 270 seconds left.
|
|t:|1731208539
|move|p1a: Houndoom|Fire Blast|p2a: Metagross
|-supereffective|p2a: Metagross
|-damage|p2a: Metagross|0 fnt
|faint|p2a: Metagross
|
|win|Sepulo
|c|☆Sepulo|gg
|player|p1|

</script>
<script type="application/json" class="data" id="replaydata-smogtours-gen3ou-805662">
{"id":"smogtours-gen3ou-805662","format":"[Gen 3] OU","players":["Sepulo","AC77"],"uploadtime":1731208539,"views":28,"formatid":"gen3ou","rating":null,"private":1,"password":null}
</script>

<script defer src="js/replays.js?9d40a366"></script>
