<!DOCTYPE html>
<meta charset="utf-8" />
<meta name="viewport" content="width=device-width" />

<title>[Gen 3] OU: thedolla vs. denizzz - Replays - Pok&eacute;mon Showdown!</title>

<meta name="description" content="Watch a replay of a Pok&eacute;mon battle between thedolla and denizzz! Format: [Gen 3] OU; Date: Oct 10, 2024" />
<!--

Hey, you! Looking in the source for the replay log?

You can find them in JSON format, just add `.json` at the end of a replay URL.

https://replay.pokemonshowdown.com/gen7randomdoublesbattle-865046831.json

Or, if you only need the log itself, add `.log` instead:

https://replay.pokemonshowdown.com/gen7randomdoublesbattle-865046831.log

-->

<link rel="stylesheet" href="//pokemonshowdown.com/style/global.css?0.023195364461161105" />
<link rel="stylesheet" href="//play.pokemonshowdown.com/style/font-awesome.css?0.13261647063804238" />
<link rel="stylesheet" href="//play.pokemonshowdown.com/style/battle.css?0.8753245789963631" />
<link rel="stylesheet" href="//play.pokemonshowdown.com/style/utilichart.css?0.8627959624976733" />

<!-- Global site tag (gtag.js) - Google Analytics -->
<script async src="https://www.googletagmanager.com/gtag/js?id=UA-26211653-1"></script>
<script>
  window.dataLayer = window.dataLayer || [];
  function gtag(){dataLayer.push(arguments);}
  gtag('js', new Date());

  gtag('config', 'UA-26211653-1');
</script>
<!-- End Google Analytics -->
<!-- Venatus Ad Manager - Install in <HEAD> of page -->
	<script src="https://hb.vntsm.com/v3/live/ad-manager.min.js" type="text/javascript" data-site-id="642aba63ec9a7b11c3c9c1be" data-mode="scan" async></script>
<!-- / Venatus Ad Manager -->

<style>
	@media (max-width:820px) {
		.battle {
			margin: 0 auto;
		}
		.battle-log {
			margin: 7px auto 0;
			max-width: 640px;
			height: 300px;
			position: static;
		}
	}
	.optgroup {
		display: inline-block;
		line-height: 22px;
		font-size: 10pt;
	}
	.optgroup .button {
		height: 25px;
		padding-top: 0;
		padding-bottom: 0;
	}
	.optgroup button.button {
		padding-left: 12px;
		padding-right: 12px;
	}
	.linklist {
		list-style: none;
		margin: 0.5em 0;
		padding: 0;
	}
	.linklist li {
		padding: 2px 0;
	}
	.sidebar {
		float: left;
		width: 320px;
	}
	.bar-wrapper {
		max-width: 1100px;
		margin: 0 auto;
	}
	.bar-wrapper.has-sidebar {
		max-width: 1430px;
	}
	.mainbar {
		margin: 0;
		padding-right: 1px;
	}
	.mainbar.has-sidebar {
		margin-left: 330px;
	}
	@media (min-width: 1511px) {
		.sidebar {
			width: 400px;
		}
		.bar-wrapper.has-sidebar {
			max-width: 1510px;
		}
		.mainbar.has-sidebar {
			margin-left: 410px;
		}
	}
	.section.first-section {
		margin-top: 9px;
	}
	.blocklink small {
		white-space: normal;
	}
	.button {
		vertical-align: middle;
	}
	.replay-controls {
		padding-top: 10px;
	}
	.replay-controls h1 {
		font-size: 16pt;
		font-weight: normal;
		color: #CCC;
	}
	.pagelink {
		text-align: center;
	}
	.pagelink a {
		width: 150px;
	}
	.textbox, .button {
		font-size: 11pt;
		vertical-align: middle;
	}
	@media (max-width: 450px) {
		.button {
			font-size: 9pt;
		}
	}
</style>

<div>

	<header>
		<div class="nav-wrapper"><ul class="nav">
			<li><a class="button nav-first" href="//pokemonshowdown.com/"><img src="//pokemonshowdown.com/images/pokemonshowdownbeta.png" srcset="//pokemonshowdown.com/images/pokemonshowdownbeta.png 1x, //pokemonshowdown.com/images/pokemonshowdownbeta@2x.png 2x" alt="Pok&eacute;mon Showdown" width="146" height="44" /> Home</a></li>
			<li><a class="button" href="//pokemonshowdown.com/dex/">Pok&eacute;dex</a></li>
			<li><a class="button cur" href="/">Replays</a></li>
			<li><a class="button" href="//pokemonshowdown.com/ladder/">Ladder</a></li>
			<li><a class="button nav-last" href="//pokemonshowdown.com/forums/">Forum</a></li>
			<li><a class="button greenbutton nav-first nav-last" href="//play.pokemonshowdown.com/">Play</a></li>
		</ul></div>
	</header>

	<div class="main" id="main">

		<noscript><section class="section">You need to enable JavaScript to use this page; sorry!</section></noscript>

	</div>

</div>

<script defer nomodule src="//play.pokemonshowdown.com/js/lib/ps-polyfill.js"></script>
<script defer src="//play.pokemonshowdown.com/js/lib/preact.min.js"></script>

<script defer src="//play.pokemonshowdown.com/config/config.js?2bddbc15"></script>
<script defer src="//play.pokemonshowdown.com/js/lib/jquery-1.11.0.min.js"></script>
<script defer src="//play.pokemonshowdown.com/js/lib/html-sanitizer-minified.js"></script>
<script defer src="//play.pokemonshowdown.com/js/battle-sound.js"></script>
<script defer src="//play.pokemonshowdown.com/js/battledata.js?0.7209276989879541"></script>
<script defer src="//play.pokemonshowdown.com/data/pokedex-mini.js?0.6111056340867951"></script>
<script defer src="//play.pokemonshowdown.com/data/pokedex-mini-bw.js?0.3532142036491459"></script>
<script defer src="//play.pokemonshowdown.com/data/graphics.js?0.24223875632456182"></script>
<script defer src="//play.pokemonshowdown.com/data/pokedex.js?0.38839984266356864"></script>
<script defer src="//play.pokemonshowdown.com/data/moves.js?0.21866028504024015"></script>
<script defer src="//play.pokemonshowdown.com/data/abilities.js?0.2005157953846628"></script>
<script defer src="//play.pokemonshowdown.com/data/items.js?0.9894211263848525"></script>
<script defer src="//play.pokemonshowdown.com/data/teambuilder-tables.js?0.6008791140282215"></script>
<script defer src="//play.pokemonshowdown.com/js/battle-tooltips.js?0.7580118955022959"></script>
<script defer src="//play.pokemonshowdown.com/js/battle.js?0.6057722274234274"></script>

<script defer src="js/utils.js?e31f9a17"></script>
<script defer src="js/replays-battle.js?7008c182"></script>

<!-- don't scrape this data! just add .json or .log after the URL!
Full API docs: https://github.com/smogon/pokemon-showdown-client/blob/master/WEB-API.md -->
<script type="text/plain" class="log" id="replaylog-smogtours-gen3ou-797033">
|inactive|Battle timer is ON: inactive players will automatically lose when time's up.
|t:|1728596367
|gametype|singles
|player|p1|thedolla|102|
|player|p2|denizzz|102|
|teamsize|p1|6
|teamsize|p2|6
|gen|3
|tier|[Gen 3] OU
|rule|Sleep Clause Mod: Limit one foe put to sleep
|rule|Switch Priority Clause Mod: Faster Pokémon switch first
|rule|Species Clause: Limit one of each Pokémon
|rule|OHKO Clause: OHKO moves are banned
|rule|Evasion Items Clause: Evasion items are banned
|rule|Evasion Moves Clause: Evasion moves are banned
|rule|Endless Battle Clause: Forcing endless battles is banned
|rule|HP Percentage Mod: HP is shown in percentages
|rule|One Boost Passer Clause: Limit one Baton Passer that has a way to boost its stats
|rule|Freeze Clause Mod: Limit one foe frozen
|
|t:|1728596367
|start
|switch|p1a: Hariyama|Hariyama, F|100/100
|switch|p2a: Wailord|Wailord, F|100/100
|turn|1
|
|t:|1728596375
|switch|p1a: Celebi|Celebi|100/100
|move|p2a: Wailord|Water Spout|p1a: Celebi
|-resisted|p1a: Celebi
|-damage|p1a: Celebi|73/100
|
|-heal|p1a: Celebi|79/100|[from] item: Leftovers
|upkeep
|turn|2
|
|t:|1728596384
|move|p1a: Celebi|Leech Seed|p2a: Wailord|[miss]
|-miss|p1a: Celebi|p2a: Wailord
|move|p2a: Wailord|Ice Beam|p1a: Celebi
|-supereffective|p1a: Celebi
|-damage|p1a: Celebi|33/100
|
|-heal|p1a: Celebi|39/100|[from] item: Leftovers
|upkeep
|turn|3
|
|t:|1728596390
|move|p1a: Celebi|Recover|p1a: Celebi
|-heal|p1a: Celebi|89/100
|move|p2a: Wailord|Ice Beam|p1a: Celebi
|-supereffective|p1a: Celebi
|-damage|p1a: Celebi|40/100
|
|-heal|p1a: Celebi|46/100|[from] item: Leftovers
|upkeep
|turn|4
|
|t:|1728596398
|switch|p2a: Dugtrio|Dugtrio, M|100/100
|move|p1a: Celebi|Recover|p1a: Celebi
|-heal|p1a: Celebi|96/100
|
|-heal|p1a: Celebi|100/100|[from] item: Leftovers
|upkeep
|turn|5
|
|t:|1728596403
|move|p2a: Dugtrio|Hidden Power|p1a: Celebi
|-supereffective|p1a: Celebi
|-damage|p1a: Celebi|28/100
|move|p1a: Celebi|Hidden Power|p2a: Dugtrio
|-supereffective|p2a: Dugtrio
|-damage|p2a: Dugtrio|18/100
|
|-heal|p1a: Celebi|35/100|[from] item: Leftovers
|upkeep
|turn|6
|
|t:|1728596408
|move|p2a: Dugtrio|Hidden Power|p1a: Celebi
|-supereffective|p1a: Celebi
|-damage|p1a: Celebi|0 fnt
|faint|p1a: Celebi
|
|t:|1728596413
|switch|p1a: Salamence|Salamence, M|100/100
|-ability|p1a: Salamence|Intimidate|boost
|-unboost|p2a: Dugtrio|atk|1
|
|upkeep
|turn|7
|
|t:|1728596419
|switch|p2a: Suicune|Suicune|100/100
|move|p1a: Salamence|Toxic|p2a: Suicune
|-status|p2a: Suicune|tox
|
|-damage|p2a: Suicune|94/100 tox|[from] psn
|upkeep
|turn|8
|
|t:|1728596437
|switch|p1a: Hariyama|Hariyama, F|100/100
|move|p2a: Suicune|Ice Beam|p1a: Hariyama
|-damage|p1a: Hariyama|67/100
|-status|p1a: Hariyama|frz
|
|-heal|p2a: Suicune|100/100 tox|[from] item: Leftovers
|-damage|p2a: Suicune|88/100 tox|[from] psn
|-heal|p1a: Hariyama|73/100 frz|[from] item: Leftovers
|upkeep
|turn|9
|
|t:|1728596453
|switch|p2a: Wailord|Wailord, F|100/100
|cant|p1a: Hariyama|frz
|
|-heal|p1a: Hariyama|79/100 frz|[from] item: Leftovers
|upkeep
|turn|10
|
|t:|1728596469
|switch|p1a: Jirachi|Jirachi|100/100
|move|p2a: Wailord|Water Spout|p1a: Jirachi
|-damage|p1a: Jirachi|58/100
|
|-heal|p1a: Jirachi|64/100|[from] item: Leftovers
|upkeep
|turn|11
|
|t:|1728596479
|move|p2a: Wailord|Water Spout|p1a: Jirachi
|-damage|p1a: Jirachi|20/100
|move|p1a: Jirachi|Body Slam|p2a: Wailord
|-damage|p2a: Wailord|74/100
|-status|p2a: Wailord|par
|
|-heal|p1a: Jirachi|26/100|[from] item: Leftovers
|-heal|p2a: Wailord|80/100 par|[from] item: Leftovers
|upkeep
|turn|12
|
|t:|1728596484
|switch|p2a: Dugtrio|Dugtrio, M|18/100
|move|p1a: Jirachi|Protect||[still]
|-fail|p1a: Jirachi
|
|-heal|p1a: Jirachi|32/100|[from] item: Leftovers
|upkeep
|turn|13
|
|t:|1728596489
|move|p1a: Jirachi|Protect|p1a: Jirachi
|-singleturn|p1a: Jirachi|Protect
|move|p2a: Dugtrio|Earthquake|p1a: Jirachi
|-activate|p1a: Jirachi|Protect
|
|-heal|p1a: Jirachi|38/100|[from] item: Leftovers
|upkeep
|turn|14
|
|t:|1728596495
|move|p2a: Dugtrio|Earthquake|p1a: Jirachi
|-supereffective|p1a: Jirachi
|-damage|p1a: Jirachi|0 fnt
|faint|p1a: Jirachi
|
|t:|1728596503
|switch|p1a: Salamence|Salamence, M|100/100
|-ability|p1a: Salamence|Intimidate|boost
|-unboost|p2a: Dugtrio|atk|1
|
|upkeep
|turn|15
|
|t:|1728596509
|switch|p2a: Wailord|Wailord, F|80/100 par
|move|p1a: Salamence|Flamethrower|p2a: Wailord
|-resisted|p2a: Wailord
|-damage|p2a: Wailord|65/100 par
|
|-heal|p2a: Wailord|71/100 par|[from] item: Leftovers
|upkeep
|turn|16
|
|t:|1728596519
|switch|p1a: Starmie|Starmie|100/100
|move|p2a: Wailord|Ice Beam|p1a: Starmie
|-resisted|p1a: Starmie
|-damage|p1a: Starmie|83/100
|
|-heal|p1a: Starmie|89/100|[from] item: Leftovers
|-heal|p2a: Wailord|78/100 par|[from] item: Leftovers
|upkeep
|turn|17
|
|t:|1728596529
|move|p1a: Starmie|Surf|p2a: Wailord
|-resisted|p2a: Wailord
|-damage|p2a: Wailord|57/100 par
|cant|p2a: Wailord|par
|
|-heal|p1a: Starmie|95/100|[from] item: Leftovers
|-heal|p2a: Wailord|64/100 par|[from] item: Leftovers
|upkeep
|turn|18
|
|t:|1728596535
|move|p1a: Starmie|Surf|p2a: Wailord
|-resisted|p2a: Wailord
|-damage|p2a: Wailord|43/100 par
|move|p2a: Wailord|Self-Destruct|p1a: Starmie
|-damage|p1a: Starmie|7/100
|faint|p2a: Wailord
|
|t:|1728596543
|switch|p2a: Dugtrio|Dugtrio, M|18/100
|
|-heal|p1a: Starmie|13/100|[from] item: Leftovers
|upkeep
|turn|19
|
|t:|1728596547
|move|p1a: Starmie|Surf|p2a: Dugtrio
|-supereffective|p2a: Dugtrio
|-damage|p2a: Dugtrio|0 fnt
|faint|p2a: Dugtrio
|
|t:|1728596552
|switch|p2a: Jolteon|Jolteon, M|100/100
|
|-heal|p1a: Starmie|19/100|[from] item: Leftovers
|upkeep
|turn|20
|
|t:|1728596561
|switch|p1a: Marowak|Marowak, M|100/100
|move|p2a: Jolteon|Thunderbolt|p1a: Marowak
|-immune|p1a: Marowak
|
|upkeep
|turn|21
|
|t:|1728596569
|move|p2a: Jolteon|Hidden Power|p1a: Marowak
|-supereffective|p1a: Marowak
|-damage|p1a: Marowak|26/100
|move|p1a: Marowak|Earthquake|p2a: Jolteon
|-supereffective|p2a: Jolteon
|-damage|p2a: Jolteon|0 fnt
|faint|p2a: Jolteon
|
|t:|1728596577
|switch|p2a: Zapdos|Zapdos|100/100
|
|upkeep
|turn|22
|
|t:|1728596584
|switch|p1a: Hariyama|Hariyama, F|79/100 frz
|move|p2a: Zapdos|Drill Peck|p1a: Hariyama
|-supereffective|p1a: Hariyama
|-damage|p1a: Hariyama|21/100 frz
|
|-heal|p1a: Hariyama|27/100 frz|[from] item: Leftovers
|upkeep
|turn|23
|
|t:|1728596587
|move|p2a: Zapdos|Drill Peck|p1a: Hariyama
|-supereffective|p1a: Hariyama
|-damage|p1a: Hariyama|0 fnt
|faint|p1a: Hariyama
|
|t:|1728596590
|switch|p1a: Starmie|Starmie|19/100
|
|-heal|p1a: Starmie|25/100|[from] item: Leftovers
|upkeep
|turn|24
|
|t:|1728596593
|move|p1a: Starmie|Thunder Wave|p2a: Zapdos
|-status|p2a: Zapdos|par
|move|p2a: Zapdos|Thunderbolt|p1a: Starmie
|-supereffective|p1a: Starmie
|-damage|p1a: Starmie|0 fnt
|faint|p1a: Starmie
|
|t:|1728596600
|switch|p1a: Salamence|Salamence, M|100/100
|-ability|p1a: Salamence|Intimidate|boost
|-unboost|p2a: Zapdos|atk|1
|
|upkeep
|turn|25
|inactive|denizzz has 270 seconds left.
|inactive|thedolla has 270 seconds left.
|inactive|thedolla has 240 seconds left.
|inactive|denizzz has 240 seconds left.
|inactive|thedolla has 210 seconds left.
|
|t:|1728596714
|move|p1a: Salamence|Wish|p1a: Salamence
|move|p2a: Zapdos|Toxic|p1a: Salamence|[miss]
|-miss|p2a: Zapdos|p1a: Salamence
|
|upkeep
|turn|26
|
|t:|1728596724
|move|p1a: Salamence|Protect|p1a: Salamence
|-singleturn|p1a: Salamence|Protect
|cant|p2a: Zapdos|par
|
|upkeep
|turn|27
|
|t:|1728596731
|move|p1a: Salamence|Flamethrower|p2a: Zapdos
|-damage|p2a: Zapdos|71/100 par
|cant|p2a: Zapdos|par
|
|-heal|p2a: Zapdos|77/100 par|[from] item: Leftovers
|upkeep
|turn|28
|
|t:|1728596744
|move|p1a: Salamence|Wish|p1a: Salamence
|move|p2a: Zapdos|Toxic|p1a: Salamence
|-status|p1a: Salamence|tox
|
|-damage|p1a: Salamence|94/100 tox|[from] psn
|-heal|p2a: Zapdos|84/100 par|[from] item: Leftovers
|upkeep
|turn|29
|
|t:|1728596747
|switch|p1a: Marowak|Marowak, M|26/100
|cant|p2a: Zapdos|par
|
|-heal|p1a: Marowak|76/100|[from] move: Wish|[wisher] Salamence
|-heal|p2a: Zapdos|90/100 par|[from] item: Leftovers
|upkeep
|turn|30
|inactive|denizzz has 270 seconds left.
|
|t:|1728596791
|move|p1a: Marowak|Rock Slide|p2a: Zapdos
|-supereffective|p2a: Zapdos
|-crit|p2a: Zapdos
|-damage|p2a: Zapdos|0 fnt
|faint|p2a: Zapdos
|
|t:|1728596794
|switch|p2a: Suicune|Suicune|88/100 tox
|
|-heal|p2a: Suicune|94/100 tox|[from] item: Leftovers
|-damage|p2a: Suicune|88/100 tox|[from] psn
|upkeep
|turn|31
|inactive|thedolla has 240 seconds left.
|
|t:|1728596820
|switch|p1a: Salamence|Salamence, M|94/100 tox
|-ability|p1a: Salamence|Intimidate|boost
|-unboost|p2a: Suicune|atk|1
|move|p2a: Suicune|Ice Beam|p1a: Salamence
|-supereffective|p1a: Salamence
|-damage|p1a: Salamence|0 fnt
|faint|p1a: Salamence
|
|t:|1728596823
|switch|p1a: Marowak|Marowak, M|76/100
|
|-heal|p2a: Suicune|94/100 tox|[from] item: Leftovers
|-damage|p2a: Suicune|82/100 tox|[from] psn
|upkeep
|turn|32
|
|t:|1728596826
|move|p2a: Suicune|Ice Beam|p1a: Marowak
|-supereffective|p1a: Marowak
|-damage|p1a: Marowak|0 fnt
|faint|p1a: Marowak
|
|win|denizzz
|c|☆denizzz|gg
|c|☆thedolla|gg

</script>
<script type="application/json" class="data" id="replaydata-smogtours-gen3ou-797033">
{"id":"smogtours-gen3ou-797033","format":"[Gen 3] OU","players":["thedolla","denizzz"],"uploadtime":1728596826,"views":88,"formatid":"gen3ou","rating":null,"private":0,"password":null}
</script>

<script defer src="js/replays.js?9d40a366"></script>
