<!DOCTYPE html>
<meta charset="utf-8" />
<meta name="viewport" content="width=device-width" />

<title>[Gen 3] OU: tub69 vs. Jnho - Replays - Pok&eacute;mon Showdown!</title>

<meta name="description" content="Watch a replay of a Pok&eacute;mon battle between tub69 and Jnho! Format: [Gen 3] OU; Date: Oct 3, 2024" />
<!--

Hey, you! Looking in the source for the replay log?

You can find them in JSON format, just add `.json` at the end of a replay URL.

https://replay.pokemonshowdown.com/gen7randomdoublesbattle-865046831.json

Or, if you only need the log itself, add `.log` instead:

https://replay.pokemonshowdown.com/gen7randomdoublesbattle-865046831.log

-->

<link rel="stylesheet" href="//pokemonshowdown.com/style/global.css?0.023195364461161105" />
<link rel="stylesheet" href="//play.pokemonshowdown.com/style/font-awesome.css?0.13261647063804238" />
<link rel="stylesheet" href="//play.pokemonshowdown.com/style/battle.css?0.8753245789963631" />
<link rel="stylesheet" href="//play.pokemonshowdown.com/style/utilichart.css?0.8627959624976733" />

<!-- Global site tag (gtag.js) - Google Analytics -->
<script async src="https://www.googletagmanager.com/gtag/js?id=UA-26211653-1"></script>
<script>
  window.dataLayer = window.dataLayer || [];
  function gtag(){dataLayer.push(arguments);}
  gtag('js', new Date());

  gtag('config', 'UA-26211653-1');
</script>
<!-- End Google Analytics -->
<!-- Venatus Ad Manager - Install in <HEAD> of page -->
	<script src="https://hb.vntsm.com/v3/live/ad-manager.min.js" type="text/javascript" data-site-id="642aba63ec9a7b11c3c9c1be" data-mode="scan" async></script>
<!-- / Venatus Ad Manager -->

<style>
	@media (max-width:820px) {
		.battle {
			margin: 0 auto;
		}
		.battle-log {
			margin: 7px auto 0;
			max-width: 640px;
			height: 300px;
			position: static;
		}
	}
	.optgroup {
		display: inline-block;
		line-height: 22px;
		font-size: 10pt;
	}
	.optgroup .button {
		height: 25px;
		padding-top: 0;
		padding-bottom: 0;
	}
	.optgroup button.button {
		padding-left: 12px;
		padding-right: 12px;
	}
	.linklist {
		list-style: none;
		margin: 0.5em 0;
		padding: 0;
	}
	.linklist li {
		padding: 2px 0;
	}
	.sidebar {
		float: left;
		width: 320px;
	}
	.bar-wrapper {
		max-width: 1100px;
		margin: 0 auto;
	}
	.bar-wrapper.has-sidebar {
		max-width: 1430px;
	}
	.mainbar {
		margin: 0;
		padding-right: 1px;
	}
	.mainbar.has-sidebar {
		margin-left: 330px;
	}
	@media (min-width: 1511px) {
		.sidebar {
			width: 400px;
		}
		.bar-wrapper.has-sidebar {
			max-width: 1510px;
		}
		.mainbar.has-sidebar {
			margin-left: 410px;
		}
	}
	.section.first-section {
		margin-top: 9px;
	}
	.blocklink small {
		white-space: normal;
	}
	.button {
		vertical-align: middle;
	}
	.replay-controls {
		padding-top: 10px;
	}
	.replay-controls h1 {
		font-size: 16pt;
		font-weight: normal;
		color: #CCC;
	}
	.pagelink {
		text-align: center;
	}
	.pagelink a {
		width: 150px;
	}
	.textbox, .button {
		font-size: 11pt;
		vertical-align: middle;
	}
	@media (max-width: 450px) {
		.button {
			font-size: 9pt;
		}
	}
</style>

<div>

	<header>
		<div class="nav-wrapper"><ul class="nav">
			<li><a class="button nav-first" href="//pokemonshowdown.com/"><img src="//pokemonshowdown.com/images/pokemonshowdownbeta.png" srcset="//pokemonshowdown.com/images/pokemonshowdownbeta.png 1x, //pokemonshowdown.com/images/pokemonshowdownbeta@2x.png 2x" alt="Pok&eacute;mon Showdown" width="146" height="44" /> Home</a></li>
			<li><a class="button" href="//pokemonshowdown.com/dex/">Pok&eacute;dex</a></li>
			<li><a class="button cur" href="/">Replays</a></li>
			<li><a class="button" href="//pokemonshowdown.com/ladder/">Ladder</a></li>
			<li><a class="button nav-last" href="//pokemonshowdown.com/forums/">Forum</a></li>
			<li><a class="button greenbutton nav-first nav-last" href="//play.pokemonshowdown.com/">Play</a></li>
		</ul></div>
	</header>

	<div class="main" id="main">

		<noscript><section class="section">You need to enable JavaScript to use this page; sorry!</section></noscript>

	</div>

</div>

<script defer nomodule src="//play.pokemonshowdown.com/js/lib/ps-polyfill.js"></script>
<script defer src="//play.pokemonshowdown.com/js/lib/preact.min.js"></script>

<script defer src="//play.pokemonshowdown.com/config/config.js?2bddbc15"></script>
<script defer src="//play.pokemonshowdown.com/js/lib/jquery-1.11.0.min.js"></script>
<script defer src="//play.pokemonshowdown.com/js/lib/html-sanitizer-minified.js"></script>
<script defer src="//play.pokemonshowdown.com/js/battle-sound.js"></script>
<script defer src="//play.pokemonshowdown.com/js/battledata.js?0.7209276989879541"></script>
<script defer src="//play.pokemonshowdown.com/data/pokedex-mini.js?0.6111056340867951"></script>
<script defer src="//play.pokemonshowdown.com/data/pokedex-mini-bw.js?0.3532142036491459"></script>
<script defer src="//play.pokemonshowdown.com/data/graphics.js?0.24223875632456182"></script>
<script defer src="//play.pokemonshowdown.com/data/pokedex.js?0.38839984266356864"></script>
<script defer src="//play.pokemonshowdown.com/data/moves.js?0.21866028504024015"></script>
<script defer src="//play.pokemonshowdown.com/data/abilities.js?0.2005157953846628"></script>
<script defer src="//play.pokemonshowdown.com/data/items.js?0.9894211263848525"></script>
<script defer src="//play.pokemonshowdown.com/data/teambuilder-tables.js?0.6008791140282215"></script>
<script defer src="//play.pokemonshowdown.com/js/battle-tooltips.js?0.7580118955022959"></script>
<script defer src="//play.pokemonshowdown.com/js/battle.js?0.6057722274234274"></script>

<script defer src="js/utils.js?e31f9a17"></script>
<script defer src="js/replays-battle.js?7008c182"></script>

<!-- don't scrape this data! just add .json or .log after the URL!
Full API docs: https://github.com/smogon/pokemon-showdown-client/blob/master/WEB-API.md -->
<script type="text/plain" class="log" id="replaylog-smogtours-gen3ou-794276">
|inactive|Battle timer is ON: inactive players will automatically lose when time's up.
|t:|1727977361
|gametype|singles
|player|p1|tub69|102|
|player|p2|Jnho|caitlin|
|teamsize|p1|6
|teamsize|p2|6
|gen|3
|tier|[Gen 3] OU
|rule|Sleep Clause Mod: Limit one foe put to sleep
|rule|Switch Priority Clause Mod: Faster Pokémon switch first
|rule|Species Clause: Limit one of each Pokémon
|rule|OHKO Clause: OHKO moves are banned
|rule|Evasion Items Clause: Evasion items are banned
|rule|Evasion Moves Clause: Evasion moves are banned
|rule|Endless Battle Clause: Forcing endless battles is banned
|rule|HP Percentage Mod: HP is shown in percentages
|rule|One Boost Passer Clause: Limit one Baton Passer that has a way to boost its stats
|rule|Freeze Clause Mod: Limit one foe frozen
|
|t:|1727977361
|start
|switch|p1a: Glalie|Glalie, F|100/100
|switch|p2a: Suicune|Suicune|100/100
|turn|1
|c|☆Jnho|glhf
|c|☆tub69|glhf
|
|t:|1727977369
|move|p1a: Glalie|Taunt|p2a: Suicune
|-start|p2a: Suicune|move: Taunt
|cant|p2a: Suicune|move: Taunt|Substitute
|
|upkeep
|turn|2
|
|t:|1727977377
|move|p1a: Glalie|Spikes|p2a: Suicune
|-sidestart|p2: Jnho|Spikes
|move|p2a: Suicune|Hydro Pump|p1a: Glalie
|-damage|p1a: Glalie|51/100
|
|-end|p2a: Suicune|move: Taunt|[silent]
|upkeep
|turn|3
|
|t:|1727977382
|switch|p2a: Gengar|Gengar, M, shiny|100/100
|move|p1a: Glalie|Spikes|p2a: Gengar
|-sidestart|p2: Jnho|Spikes
|
|upkeep
|turn|4
|
|t:|1727977399
|switch|p1a: Starmie|Starmie|100/100
|move|p2a: Gengar|Night Shade|p1a: Starmie
|-damage|p1a: Starmie|70/100
|
|-heal|p1a: Starmie|76/100|[from] item: Leftovers
|upkeep
|turn|5
|
|t:|1727977422
|switch|p1a: Glalie|Glalie, F|51/100
|move|p2a: Gengar|Explosion|p1a: Glalie
|-damage|p1a: Glalie|0 fnt
|faint|p2a: Gengar
|faint|p1a: Glalie
|inactive|tub69 has 270 seconds left.
|
|t:|1727977467
|switch|p2a: Zapdos|Zapdos|100/100
|switch|p1a: Starmie|Starmie|76/100
|
|-heal|p1a: Starmie|82/100|[from] item: Leftovers
|upkeep
|turn|6
|inactive|tub69 has 240 seconds left.
|
|t:|1727977491
|switch|p1a: Celebi|Celebi|100/100
|move|p2a: Zapdos|Thunderbolt|p1a: Celebi
|-resisted|p1a: Celebi
|-damage|p1a: Celebi|85/100
|
|-heal|p1a: Celebi|91/100|[from] item: Leftovers
|upkeep
|turn|7
|
|t:|1727977498
|move|p2a: Zapdos|Toxic|p1a: Celebi
|-status|p1a: Celebi|tox
|move|p1a: Celebi|Leech Seed|p2a: Zapdos|[miss]
|-miss|p1a: Celebi|p2a: Zapdos
|
|-heal|p1a: Celebi|98/100 tox|[from] item: Leftovers
|-damage|p1a: Celebi|91/100 tox|[from] psn
|upkeep
|turn|8
|
|t:|1727977506
|move|p2a: Zapdos|Protect|p2a: Zapdos
|-singleturn|p2a: Zapdos|Protect
|move|p1a: Celebi|Leech Seed|p2a: Zapdos
|-activate|p2a: Zapdos|Protect
|
|-heal|p1a: Celebi|98/100 tox|[from] item: Leftovers
|-damage|p1a: Celebi|85/100 tox|[from] psn
|upkeep
|turn|9
|
|t:|1727977508
|switch|p2a: Claydol|Claydol, shiny|100/100
|move|p1a: Celebi|Heal Bell|p1a: Celebi
|-activate|p1a: Celebi|move: Heal Bell
|-curestatus|p1a: Celebi|tox|[silent]
|
|-heal|p1a: Celebi|91/100|[from] item: Leftovers
|upkeep
|turn|10
|inactive|tub69 has 270 seconds left.
|
|t:|1727977524
|move|p1a: Celebi|Leech Seed|p2a: Claydol
|-start|p2a: Claydol|move: Leech Seed
|move|p2a: Claydol|Rapid Spin|p1a: Celebi
|-damage|p1a: Celebi|88/100
|-end|p2a: Claydol|Leech Seed|[from] move: Rapid Spin|[of] p2a: Claydol
|-sideend|p2: Jnho|Spikes|[from] move: Rapid Spin|[of] p2a: Claydol
|
|-heal|p1a: Celebi|94/100|[from] item: Leftovers
|upkeep
|turn|11
|
|t:|1727977541
|switch|p1a: Regirock|Regirock|100/100
|move|p2a: Claydol|Explosion|p1a: Regirock
|-resisted|p1a: Regirock
|-damage|p1a: Regirock|80/100
|faint|p2a: Claydol
|
|t:|1727977543
|switch|p2a: Suicune|Suicune|100/100
|
|-heal|p1a: Regirock|86/100|[from] item: Leftovers
|upkeep
|turn|12
|inactive|tub69 has 240 seconds left.
|
|t:|1727977585
|move|p2a: Suicune|Substitute|p2a: Suicune
|-start|p2a: Suicune|Substitute
|-damage|p2a: Suicune|75/100
|move|p1a: Regirock|Earthquake|p2a: Suicune
|-activate|p2a: Suicune|Substitute|[damage]
|
|-heal|p2a: Suicune|82/100|[from] item: Leftovers
|-heal|p1a: Regirock|92/100|[from] item: Leftovers
|upkeep
|turn|13
|
|t:|1727977606
|move|p2a: Suicune|Calm Mind|p2a: Suicune
|-boost|p2a: Suicune|spa|1
|-boost|p2a: Suicune|spd|1
|move|p1a: Regirock|Earthquake|p2a: Suicune
|-end|p2a: Suicune|Substitute
|
|-heal|p2a: Suicune|88/100|[from] item: Leftovers
|-heal|p1a: Regirock|98/100|[from] item: Leftovers
|upkeep
|turn|14
|inactive|tub69 has 210 seconds left.
|
|t:|1727977628
|move|p2a: Suicune|Substitute|p2a: Suicune
|-start|p2a: Suicune|Substitute
|-damage|p2a: Suicune|63/100
|move|p1a: Regirock|Earthquake|p2a: Suicune
|-activate|p2a: Suicune|Substitute|[damage]
|
|-heal|p2a: Suicune|69/100|[from] item: Leftovers
|-heal|p1a: Regirock|100/100|[from] item: Leftovers
|upkeep
|turn|15
|
|t:|1727977637
|move|p2a: Suicune|Calm Mind|p2a: Suicune
|-boost|p2a: Suicune|spa|1
|-boost|p2a: Suicune|spd|1
|move|p1a: Regirock|Earthquake|p2a: Suicune
|-crit|p2a: Suicune
|-end|p2a: Suicune|Substitute
|
|-heal|p2a: Suicune|75/100|[from] item: Leftovers
|upkeep
|turn|16
|c|☆tub69|ngl ive noticed a flaw in my teambuilding
|inactive|tub69 has 210 seconds left.
|
|t:|1727977658
|switch|p1a: Salamence|Salamence, F|100/100
|-ability|p1a: Salamence|Intimidate|boost
|-unboost|p2a: Suicune|atk|1
|move|p2a: Suicune|Substitute|p2a: Suicune
|-start|p2a: Suicune|Substitute
|-damage|p2a: Suicune|50/100
|
|-heal|p2a: Suicune|56/100|[from] item: Leftovers
|upkeep
|turn|17
|
|t:|1727977661
|move|p1a: Salamence|Dragon Claw|p2a: Suicune
|-activate|p2a: Suicune|Substitute|[damage]
|move|p2a: Suicune|Ice Beam|p1a: Salamence
|-supereffective|p1a: Salamence
|-damage|p1a: Salamence|0 fnt
|faint|p1a: Salamence
|
|t:|1727977664
|switch|p1a: Starmie|Starmie|82/100
|
|-heal|p1a: Starmie|88/100|[from] item: Leftovers
|-heal|p2a: Suicune|63/100|[from] item: Leftovers
|upkeep
|turn|18
|inactive|tub69 has 210 seconds left.
|-message|tub69 forfeited.
|
|win|Jnho
|c|☆tub69|gg
|c|☆Jnho|gg
|player|p1|

</script>
<script type="application/json" class="data" id="replaydata-smogtours-gen3ou-794276">
{"id":"smogtours-gen3ou-794276","format":"[Gen 3] OU","players":["tub69","Jnho"],"uploadtime":1727977690,"views":113,"formatid":"gen3ou","rating":null,"private":0,"password":null}
</script>

<script defer src="js/replays.js?9d40a366"></script>
