<!DOCTYPE html>
<meta charset="utf-8" />
<meta name="viewport" content="width=device-width" />

<title>[Gen 3] OU: SerpentZero vs. Mister Tim - Replays - Pok&eacute;mon Showdown!</title>

<meta name="description" content="Watch a replay of a Pok&eacute;mon battle between SerpentZero and Mister Tim! Format: [Gen 3] OU; Date: Oct 2, 2024" />
<!--

Hey, you! Looking in the source for the replay log?

You can find them in JSON format, just add `.json` at the end of a replay URL.

https://replay.pokemonshowdown.com/gen7randomdoublesbattle-865046831.json

Or, if you only need the log itself, add `.log` instead:

https://replay.pokemonshowdown.com/gen7randomdoublesbattle-865046831.log

-->

<link rel="stylesheet" href="//pokemonshowdown.com/style/global.css?0.023195364461161105" />
<link rel="stylesheet" href="//play.pokemonshowdown.com/style/font-awesome.css?0.13261647063804238" />
<link rel="stylesheet" href="//play.pokemonshowdown.com/style/battle.css?0.8753245789963631" />
<link rel="stylesheet" href="//play.pokemonshowdown.com/style/utilichart.css?0.8627959624976733" />

<!-- Global site tag (gtag.js) - Google Analytics -->
<script async src="https://www.googletagmanager.com/gtag/js?id=UA-26211653-1"></script>
<script>
  window.dataLayer = window.dataLayer || [];
  function gtag(){dataLayer.push(arguments);}
  gtag('js', new Date());

  gtag('config', 'UA-26211653-1');
</script>
<!-- End Google Analytics -->
<!-- Venatus Ad Manager - Install in <HEAD> of page -->
	<script src="https://hb.vntsm.com/v3/live/ad-manager.min.js" type="text/javascript" data-site-id="642aba63ec9a7b11c3c9c1be" data-mode="scan" async></script>
<!-- / Venatus Ad Manager -->

<style>
	@media (max-width:820px) {
		.battle {
			margin: 0 auto;
		}
		.battle-log {
			margin: 7px auto 0;
			max-width: 640px;
			height: 300px;
			position: static;
		}
	}
	.optgroup {
		display: inline-block;
		line-height: 22px;
		font-size: 10pt;
	}
	.optgroup .button {
		height: 25px;
		padding-top: 0;
		padding-bottom: 0;
	}
	.optgroup button.button {
		padding-left: 12px;
		padding-right: 12px;
	}
	.linklist {
		list-style: none;
		margin: 0.5em 0;
		padding: 0;
	}
	.linklist li {
		padding: 2px 0;
	}
	.sidebar {
		float: left;
		width: 320px;
	}
	.bar-wrapper {
		max-width: 1100px;
		margin: 0 auto;
	}
	.bar-wrapper.has-sidebar {
		max-width: 1430px;
	}
	.mainbar {
		margin: 0;
		padding-right: 1px;
	}
	.mainbar.has-sidebar {
		margin-left: 330px;
	}
	@media (min-width: 1511px) {
		.sidebar {
			width: 400px;
		}
		.bar-wrapper.has-sidebar {
			max-width: 1510px;
		}
		.mainbar.has-sidebar {
			margin-left: 410px;
		}
	}
	.section.first-section {
		margin-top: 9px;
	}
	.blocklink small {
		white-space: normal;
	}
	.button {
		vertical-align: middle;
	}
	.replay-controls {
		padding-top: 10px;
	}
	.replay-controls h1 {
		font-size: 16pt;
		font-weight: normal;
		color: #CCC;
	}
	.pagelink {
		text-align: center;
	}
	.pagelink a {
		width: 150px;
	}
	.textbox, .button {
		font-size: 11pt;
		vertical-align: middle;
	}
	@media (max-width: 450px) {
		.button {
			font-size: 9pt;
		}
	}
</style>

<div>

	<header>
		<div class="nav-wrapper"><ul class="nav">
			<li><a class="button nav-first" href="//pokemonshowdown.com/"><img src="//pokemonshowdown.com/images/pokemonshowdownbeta.png" srcset="//pokemonshowdown.com/images/pokemonshowdownbeta.png 1x, //pokemonshowdown.com/images/pokemonshowdownbeta@2x.png 2x" alt="Pok&eacute;mon Showdown" width="146" height="44" /> Home</a></li>
			<li><a class="button" href="//pokemonshowdown.com/dex/">Pok&eacute;dex</a></li>
			<li><a class="button cur" href="/">Replays</a></li>
			<li><a class="button" href="//pokemonshowdown.com/ladder/">Ladder</a></li>
			<li><a class="button nav-last" href="//pokemonshowdown.com/forums/">Forum</a></li>
			<li><a class="button greenbutton nav-first nav-last" href="//play.pokemonshowdown.com/">Play</a></li>
		</ul></div>
	</header>

	<div class="main" id="main">

		<noscript><section class="section">You need to enable JavaScript to use this page; sorry!</section></noscript>

	</div>

</div>

<script defer nomodule src="//play.pokemonshowdown.com/js/lib/ps-polyfill.js"></script>
<script defer src="//play.pokemonshowdown.com/js/lib/preact.min.js"></script>

<script defer src="//play.pokemonshowdown.com/config/config.js?2bddbc15"></script>
<script defer src="//play.pokemonshowdown.com/js/lib/jquery-1.11.0.min.js"></script>
<script defer src="//play.pokemonshowdown.com/js/lib/html-sanitizer-minified.js"></script>
<script defer src="//play.pokemonshowdown.com/js/battle-sound.js"></script>
<script defer src="//play.pokemonshowdown.com/js/battledata.js?0.7209276989879541"></script>
<script defer src="//play.pokemonshowdown.com/data/pokedex-mini.js?0.6111056340867951"></script>
<script defer src="//play.pokemonshowdown.com/data/pokedex-mini-bw.js?0.3532142036491459"></script>
<script defer src="//play.pokemonshowdown.com/data/graphics.js?0.24223875632456182"></script>
<script defer src="//play.pokemonshowdown.com/data/pokedex.js?0.38839984266356864"></script>
<script defer src="//play.pokemonshowdown.com/data/moves.js?0.21866028504024015"></script>
<script defer src="//play.pokemonshowdown.com/data/abilities.js?0.2005157953846628"></script>
<script defer src="//play.pokemonshowdown.com/data/items.js?0.9894211263848525"></script>
<script defer src="//play.pokemonshowdown.com/data/teambuilder-tables.js?0.6008791140282215"></script>
<script defer src="//play.pokemonshowdown.com/js/battle-tooltips.js?0.7580118955022959"></script>
<script defer src="//play.pokemonshowdown.com/js/battle.js?0.6057722274234274"></script>

<script defer src="js/utils.js?e31f9a17"></script>
<script defer src="js/replays-battle.js?7008c182"></script>

<!-- don't scrape this data! just add .json or .log after the URL!
Full API docs: https://github.com/smogon/pokemon-showdown-client/blob/master/WEB-API.md -->
<script type="text/plain" class="log" id="replaylog-smogtours-gen3ou-793974">
|inactive|Battle timer is ON: inactive players will automatically lose when time's up.
|t:|1727887648
|gametype|singles
|player|p1|SerpentZero|plumeria|
|player|p2|Mister Tim|170|
|teamsize|p1|6
|teamsize|p2|6
|gen|3
|tier|[Gen 3] OU
|rule|Sleep Clause Mod: Limit one foe put to sleep
|rule|Switch Priority Clause Mod: Faster Pokémon switch first
|rule|Species Clause: Limit one of each Pokémon
|rule|OHKO Clause: OHKO moves are banned
|rule|Evasion Items Clause: Evasion items are banned
|rule|Evasion Moves Clause: Evasion moves are banned
|rule|Endless Battle Clause: Forcing endless battles is banned
|rule|HP Percentage Mod: HP is shown in percentages
|rule|One Boost Passer Clause: Limit one Baton Passer that has a way to boost its stats
|rule|Freeze Clause Mod: Limit one foe frozen
|
|t:|1727887648
|start
|switch|p1a: Galeforce|Medicham, M, shiny|100/100
|switch|p2a: Salamence|Salamence, F|100/100
|-ability|p2a: Salamence|Intimidate|boost
|-unboost|p1a: Galeforce|atk|1
|turn|1
|c|☆SerpentZero|glhf!
|inactive|Mister Tim has 270 seconds left.
|c|☆Mister Tim|hf
|
|t:|1727887692
|switch|p1a: Ceylon|Suicune, shiny|100/100
|move|p2a: Salamence|Dragon Claw|p1a: Ceylon
|-damage|p1a: Ceylon|75/100
|
|-heal|p1a: Ceylon|81/100|[from] item: Leftovers
|upkeep
|turn|2
|
|t:|1727887711
|switch|p2a: Celebi|Celebi|100/100
|move|p1a: Ceylon|Ice Beam|p2a: Celebi
|-supereffective|p2a: Celebi
|-damage|p2a: Celebi|61/100
|
|-heal|p2a: Celebi|67/100|[from] item: Leftovers
|-heal|p1a: Ceylon|87/100|[from] item: Leftovers
|upkeep
|turn|3
|
|t:|1727887728
|switch|p1a: Big Ounce|Snorlax, M|100/100
|move|p2a: Celebi|Giga Drain|p1a: Big Ounce
|-damage|p1a: Big Ounce|84/100
|-heal|p2a: Celebi|77/100|[from] drain|[of] p1a: Big Ounce
|
|-heal|p2a: Celebi|84/100|[from] item: Leftovers
|-heal|p1a: Big Ounce|91/100|[from] item: Leftovers
|upkeep
|turn|4
|
|t:|1727887734
|switch|p2a: Skarmory|Skarmory, F|100/100
|move|p1a: Big Ounce|Body Slam|p2a: Skarmory
|-resisted|p2a: Skarmory
|-damage|p2a: Skarmory|86/100
|-status|p2a: Skarmory|par
|
|-heal|p1a: Big Ounce|97/100|[from] item: Leftovers
|-heal|p2a: Skarmory|92/100 par|[from] item: Leftovers
|upkeep
|turn|5
|
|t:|1727887740
|switch|p1a: Stinger|Magneton|100/100
|cant|p2a: Skarmory|par
|
|-heal|p2a: Skarmory|98/100 par|[from] item: Leftovers
|upkeep
|turn|6
|
|t:|1727887745
|move|p1a: Stinger|Thunderbolt|p2a: Skarmory
|-supereffective|p2a: Skarmory
|-damage|p2a: Skarmory|0 fnt
|faint|p2a: Skarmory
|
|t:|1727887752
|switch|p2a: Tyranitar|Tyranitar, M|100/100
|-weather|Sandstorm|[from] ability: Sand Stream|[of] p2a: Tyranitar
|
|-weather|Sandstorm|[upkeep]
|upkeep
|turn|7
|
|t:|1727887771
|switch|p1a: Braximir|Salamence, M|100/100
|-ability|p1a: Braximir|Intimidate|boost
|-unboost|p2a: Tyranitar|atk|1
|move|p2a: Tyranitar|Earthquake|p1a: Braximir
|-immune|p1a: Braximir
|
|-weather|Sandstorm|[upkeep]
|-damage|p1a: Braximir|94/100|[from] Sandstorm
|-heal|p1a: Braximir|100/100|[from] item: Leftovers
|upkeep
|turn|8
|
|t:|1727887782
|switch|p1a: Galeforce|Medicham, M, shiny|100/100
|switch|p2a: Swampert|Swampert, M|100/100
|
|-weather|Sandstorm|[upkeep]
|-damage|p1a: Galeforce|94/100|[from] Sandstorm
|upkeep
|turn|9
|
|t:|1727887803
|switch|p2a: Salamence|Salamence, F|100/100
|-ability|p2a: Salamence|Intimidate|boost
|-unboost|p1a: Galeforce|atk|1
|move|p1a: Galeforce|Brick Break|p2a: Salamence
|-resisted|p2a: Salamence
|-damage|p2a: Salamence|81/100
|
|-weather|Sandstorm|[upkeep]
|-damage|p2a: Salamence|74/100|[from] Sandstorm
|-damage|p1a: Galeforce|88/100|[from] Sandstorm
|-heal|p2a: Salamence|81/100|[from] item: Leftovers
|upkeep
|turn|10
|
|t:|1727887831
|switch|p2a: Celebi|Celebi|84/100
|switch|p1a: Braximir|Salamence, M|100/100
|-ability|p1a: Braximir|Intimidate|boost
|-unboost|p2a: Celebi|atk|1
|
|-weather|Sandstorm|[upkeep]
|-damage|p1a: Braximir|94/100|[from] Sandstorm
|-damage|p2a: Celebi|77/100|[from] Sandstorm
|-heal|p1a: Braximir|100/100|[from] item: Leftovers
|-heal|p2a: Celebi|84/100|[from] item: Leftovers
|upkeep
|turn|11
|
|t:|1727887839
|move|p1a: Braximir|Dragon Dance|p1a: Braximir
|-boost|p1a: Braximir|atk|1
|-boost|p1a: Braximir|spe|1
|move|p2a: Celebi|Psychic|p1a: Braximir
|-damage|p1a: Braximir|57/100
|
|-weather|Sandstorm|[upkeep]
|-damage|p1a: Braximir|51/100|[from] Sandstorm
|-damage|p2a: Celebi|77/100|[from] Sandstorm
|-heal|p1a: Braximir|57/100|[from] item: Leftovers
|-heal|p2a: Celebi|84/100|[from] item: Leftovers
|upkeep
|turn|12
|
|t:|1727887847
|move|p1a: Braximir|Hidden Power|p2a: Celebi
|-supereffective|p2a: Celebi
|-damage|p2a: Celebi|0 fnt
|faint|p2a: Celebi
|
|t:|1727887850
|switch|p2a: Swampert|Swampert, M|100/100
|
|-weather|Sandstorm|[upkeep]
|-damage|p1a: Braximir|51/100|[from] Sandstorm
|-heal|p1a: Braximir|57/100|[from] item: Leftovers
|upkeep
|turn|13
|
|t:|1727887862
|switch|p1a: Big Ounce|Snorlax, M|97/100
|move|p2a: Swampert|Ice Beam|p1a: Big Ounce
|-damage|p1a: Big Ounce|83/100
|
|-weather|Sandstorm|[upkeep]
|-damage|p1a: Big Ounce|77/100|[from] Sandstorm
|-heal|p1a: Big Ounce|83/100|[from] item: Leftovers
|upkeep
|turn|14
|
|t:|1727887872
|move|p2a: Swampert|Curse|p2a: Swampert
|-unboost|p2a: Swampert|spe|1
|-boost|p2a: Swampert|atk|1
|-boost|p2a: Swampert|def|1
|move|p1a: Big Ounce|Body Slam|p2a: Swampert
|-damage|p2a: Swampert|80/100
|-status|p2a: Swampert|par
|
|-weather|Sandstorm|[upkeep]
|-damage|p1a: Big Ounce|77/100|[from] Sandstorm
|-heal|p1a: Big Ounce|83/100|[from] item: Leftovers
|-heal|p2a: Swampert|86/100 par|[from] item: Leftovers
|upkeep
|turn|15
|
|t:|1727887878
|move|p1a: Big Ounce|Self-Destruct|p2a: Swampert
|-damage|p2a: Swampert|0 fnt
|faint|p1a: Big Ounce
|faint|p2a: Swampert
|
|t:|1727887885
|switch|p2a: Salamence|Salamence, F|81/100
|switch|p1a: APEX|Metagross, shiny|100/100
|-ability|p2a: Salamence|Intimidate|boost
|-fail|p1a: APEX|unboost|[from] ability: Clear Body|[of] p1a: APEX
|
|-weather|Sandstorm|[upkeep]
|-damage|p2a: Salamence|74/100|[from] Sandstorm
|-heal|p2a: Salamence|81/100|[from] item: Leftovers
|upkeep
|turn|16
|
|t:|1727887891
|move|p2a: Salamence|Fire Blast|p1a: APEX
|-supereffective|p1a: APEX
|-damage|p1a: APEX|15/100
|move|p1a: APEX|Agility|p1a: APEX
|-boost|p1a: APEX|spe|2
|
|-weather|Sandstorm|[upkeep]
|-damage|p2a: Salamence|74/100|[from] Sandstorm
|-heal|p1a: APEX|21/100|[from] item: Leftovers
|-heal|p2a: Salamence|81/100|[from] item: Leftovers
|upkeep
|turn|17
|
|t:|1727887895
|move|p1a: APEX|Explosion|p2a: Salamence
|-damage|p2a: Salamence|0 fnt
|faint|p1a: APEX
|faint|p2a: Salamence
|
|t:|1727887906
|switch|p2a: Aerodactyl|Aerodactyl, F|100/100
|switch|p1a: Galeforce|Medicham, M, shiny|88/100
|
|-weather|Sandstorm|[upkeep]
|-damage|p1a: Galeforce|82/100|[from] Sandstorm
|upkeep
|turn|18
|
|t:|1727887921
|move|p2a: Aerodactyl|Double-Edge|p1a: Galeforce
|-damage|p1a: Galeforce|0 fnt
|faint|p1a: Galeforce
|
|t:|1727887929
|switch|p1a: Stinger|Magneton|100/100
|
|-weather|Sandstorm|[upkeep]
|upkeep
|turn|19
|
|t:|1727887933
|switch|p2a: Tyranitar|Tyranitar, M|100/100
|move|p1a: Stinger|Toxic|p2a: Tyranitar
|-status|p2a: Tyranitar|tox
|
|-weather|Sandstorm|[upkeep]
|-damage|p2a: Tyranitar|94/100 tox|[from] psn
|upkeep
|turn|20
|
|t:|1727887939
|switch|p1a: Ceylon|Suicune, shiny|87/100
|move|p2a: Tyranitar|Earthquake|p1a: Ceylon
|-damage|p1a: Ceylon|58/100
|
|-weather|Sandstorm|[upkeep]
|-damage|p1a: Ceylon|52/100|[from] Sandstorm
|-heal|p1a: Ceylon|58/100|[from] item: Leftovers
|-heal|p2a: Tyranitar|100/100 tox|[from] item: Leftovers
|-damage|p2a: Tyranitar|88/100 tox|[from] psn
|upkeep
|turn|21
|
|t:|1727887948
|move|p1a: Ceylon|Surf|p2a: Tyranitar
|-supereffective|p2a: Tyranitar
|-damage|p2a: Tyranitar|28/100 tox
|move|p2a: Tyranitar|Rock Slide|p1a: Ceylon
|-damage|p1a: Ceylon|27/100
|
|-weather|Sandstorm|[upkeep]
|-damage|p1a: Ceylon|21/100|[from] Sandstorm
|-heal|p1a: Ceylon|27/100|[from] item: Leftovers
|-heal|p2a: Tyranitar|34/100 tox|[from] item: Leftovers
|-damage|p2a: Tyranitar|16/100 tox|[from] psn
|upkeep
|turn|22
|
|t:|1727887956
|move|p1a: Ceylon|Rest|p1a: Ceylon
|-status|p1a: Ceylon|slp|[from] move: Rest
|-heal|p1a: Ceylon|100/100 slp|[silent]
|move|p2a: Tyranitar|Earthquake|p1a: Ceylon
|-damage|p1a: Ceylon|69/100 slp
|
|-weather|Sandstorm|[upkeep]
|-damage|p1a: Ceylon|63/100 slp|[from] Sandstorm
|-heal|p1a: Ceylon|69/100 slp|[from] item: Leftovers
|-heal|p2a: Tyranitar|22/100 tox|[from] item: Leftovers
|-damage|p2a: Tyranitar|0 fnt|[from] psn
|faint|p2a: Tyranitar
|upkeep
|
|t:|1727887958
|switch|p2a: Aerodactyl|Aerodactyl, F|100/100
|turn|23
|
|t:|1727887965
|switch|p1a: Braximir|Salamence, M|57/100
|-ability|p1a: Braximir|Intimidate|boost
|-unboost|p2a: Aerodactyl|atk|1
|move|p2a: Aerodactyl|Rock Slide|p1a: Braximir
|-supereffective|p1a: Braximir
|-damage|p1a: Braximir|0 fnt
|faint|p1a: Braximir
|
|t:|1727887973
|switch|p1a: Stinger|Magneton|100/100
|
|-weather|Sandstorm|[upkeep]
|upkeep
|turn|24
|
|t:|1727887975
|move|p2a: Aerodactyl|Rock Slide|p1a: Stinger
|-resisted|p1a: Stinger
|-damage|p1a: Stinger|78/100
|move|p1a: Stinger|Thunderbolt|p2a: Aerodactyl
|-supereffective|p2a: Aerodactyl
|-damage|p2a: Aerodactyl|0 fnt
|faint|p2a: Aerodactyl
|
|win|SerpentZero
|c|☆SerpentZero|ggwp
|player|p1|

</script>
<script type="application/json" class="data" id="replaydata-smogtours-gen3ou-793974">
{"id":"smogtours-gen3ou-793974","format":"[Gen 3] OU","players":["SerpentZero","Mister Tim"],"uploadtime":1727887975,"views":121,"formatid":"gen3ou","rating":null,"private":0,"password":null}
</script>

<script defer src="js/replays.js?9d40a366"></script>
