<!DOCTYPE html>
<meta charset="utf-8" />
<meta name="viewport" content="width=device-width" />

<title>[Gen 3] OU: Wonderful Whiscash vs. OzEngine - Replays - Pok&eacute;mon Showdown!</title>

<meta name="description" content="Watch a replay of a Pok&eacute;mon battle between Wonderful Whiscash and OzEngine! Format: [Gen 3] OU; Date: Oct 9, 2024" />
<!--

Hey, you! Looking in the source for the replay log?

You can find them in JSON format, just add `.json` at the end of a replay URL.

https://replay.pokemonshowdown.com/gen7randomdoublesbattle-865046831.json

Or, if you only need the log itself, add `.log` instead:

https://replay.pokemonshowdown.com/gen7randomdoublesbattle-865046831.log

-->

<link rel="stylesheet" href="//pokemonshowdown.com/style/global.css?0.767286132409787" />
<link rel="stylesheet" href="//play.pokemonshowdown.com/style/font-awesome.css?0.9266228007934947" />
<link rel="stylesheet" href="//play.pokemonshowdown.com/style/battle.css?0.7924700842790926" />
<link rel="stylesheet" href="//play.pokemonshowdown.com/style/utilichart.css?0.8777417872839479" />

<!-- Global site tag (gtag.js) - Google Analytics -->
<script async src="https://www.googletagmanager.com/gtag/js?id=UA-26211653-1"></script>
<script>
  window.dataLayer = window.dataLayer || [];
  function gtag(){dataLayer.push(arguments);}
  gtag('js', new Date());

  gtag('config', 'UA-26211653-1');
</script>
<!-- End Google Analytics -->
<!-- Venatus Ad Manager - Install in <HEAD> of page -->
	<script src="https://hb.vntsm.com/v3/live/ad-manager.min.js" type="text/javascript" data-site-id="642aba63ec9a7b11c3c9c1be" data-mode="scan" async></script>
<!-- / Venatus Ad Manager -->

<style>
	@media (max-width:820px) {
		.battle {
			margin: 0 auto;
		}
		.battle-log {
			margin: 7px auto 0;
			max-width: 640px;
			height: 300px;
			position: static;
		}
	}
	.optgroup {
		display: inline-block;
		line-height: 22px;
		font-size: 10pt;
	}
	.optgroup .button {
		height: 25px;
		padding-top: 0;
		padding-bottom: 0;
	}
	.optgroup button.button {
		padding-left: 12px;
		padding-right: 12px;
	}
	.linklist {
		list-style: none;
		margin: 0.5em 0;
		padding: 0;
	}
	.linklist li {
		padding: 2px 0;
	}
	.sidebar {
		float: left;
		width: 320px;
	}
	.bar-wrapper {
		max-width: 1100px;
		margin: 0 auto;
	}
	.bar-wrapper.has-sidebar {
		max-width: 1430px;
	}
	.mainbar {
		margin: 0;
		padding-right: 1px;
	}
	.mainbar.has-sidebar {
		margin-left: 330px;
	}
	@media (min-width: 1511px) {
		.sidebar {
			width: 400px;
		}
		.bar-wrapper.has-sidebar {
			max-width: 1510px;
		}
		.mainbar.has-sidebar {
			margin-left: 410px;
		}
	}
	.section.first-section {
		margin-top: 9px;
	}
	.blocklink small {
		white-space: normal;
	}
	.button {
		vertical-align: middle;
	}
	.replay-controls {
		padding-top: 10px;
	}
	.replay-controls h1 {
		font-size: 16pt;
		font-weight: normal;
		color: #CCC;
	}
	.pagelink {
		text-align: center;
	}
	.pagelink a {
		width: 150px;
	}
	.textbox, .button {
		font-size: 11pt;
		vertical-align: middle;
	}
	@media (max-width: 450px) {
		.button {
			font-size: 9pt;
		}
	}
</style>

<div>

	<header>
		<div class="nav-wrapper"><ul class="nav">
			<li><a class="button nav-first" href="//pokemonshowdown.com/"><img src="//pokemonshowdown.com/images/pokemonshowdownbeta.png" srcset="//pokemonshowdown.com/images/pokemonshowdownbeta.png 1x, //pokemonshowdown.com/images/pokemonshowdownbeta@2x.png 2x" alt="Pok&eacute;mon Showdown" width="146" height="44" /> Home</a></li>
			<li><a class="button" href="//pokemonshowdown.com/dex/">Pok&eacute;dex</a></li>
			<li><a class="button cur" href="/">Replays</a></li>
			<li><a class="button" href="//pokemonshowdown.com/ladder/">Ladder</a></li>
			<li><a class="button nav-last" href="//pokemonshowdown.com/forums/">Forum</a></li>
			<li><a class="button greenbutton nav-first nav-last" href="//play.pokemonshowdown.com/">Play</a></li>
		</ul></div>
	</header>

	<div class="main" id="main">

		<noscript><section class="section">You need to enable JavaScript to use this page; sorry!</section></noscript>

	</div>

</div>

<script defer nomodule src="//play.pokemonshowdown.com/js/lib/ps-polyfill.js"></script>
<script defer src="//play.pokemonshowdown.com/js/lib/preact.min.js"></script>

<script defer src="//play.pokemonshowdown.com/config/config.js?6dec07f6"></script>
<script defer src="//play.pokemonshowdown.com/js/lib/jquery-1.11.0.min.js"></script>
<script defer src="//play.pokemonshowdown.com/js/lib/html-sanitizer-minified.js"></script>
<script defer src="//play.pokemonshowdown.com/js/battle-sound.js"></script>
<script defer src="//play.pokemonshowdown.com/js/battledata.js?0.6315294753075389"></script>
<script defer src="//play.pokemonshowdown.com/data/pokedex-mini.js?0.7603743185311358"></script>
<script defer src="//play.pokemonshowdown.com/data/pokedex-mini-bw.js?0.030888842834281283"></script>
<script defer src="//play.pokemonshowdown.com/data/graphics.js?0.05593094747507488"></script>
<script defer src="//play.pokemonshowdown.com/data/pokedex.js?0.47064822249611904"></script>
<script defer src="//play.pokemonshowdown.com/data/moves.js?0.8583693120512459"></script>
<script defer src="//play.pokemonshowdown.com/data/abilities.js?0.16017181182386842"></script>
<script defer src="//play.pokemonshowdown.com/data/items.js?0.4163379185673943"></script>
<script defer src="//play.pokemonshowdown.com/data/teambuilder-tables.js?0.31075597372830477"></script>
<script defer src="//play.pokemonshowdown.com/js/battle-tooltips.js?0.6536193500708172"></script>
<script defer src="//play.pokemonshowdown.com/js/battle.js?0.1916591943277901"></script>

<script defer src="js/utils.js?e31f9a17"></script>
<script defer src="js/replays-battle.js?7008c182"></script>

<!-- don't scrape this data! just add .json or .log after the URL!
Full API docs: https://github.com/smogon/pokemon-showdown-client/blob/master/WEB-API.md -->
<script type="text/plain" class="log" id="replaylog-smogtours-gen3ou-796576">
|inactive|Battle timer is ON: inactive players will automatically lose when time's up.
|t:|1728440954
|gametype|singles
|player|p1|Wonderful Whiscash|fisherman|
|player|p2|OzEngine|265|
|teamsize|p1|6
|teamsize|p2|6
|gen|3
|tier|[Gen 3] OU
|rule|Sleep Clause Mod: Limit one foe put to sleep
|rule|Switch Priority Clause Mod: Faster Pokémon switch first
|rule|Species Clause: Limit one of each Pokémon
|rule|OHKO Clause: OHKO moves are banned
|rule|Evasion Items Clause: Evasion items are banned
|rule|Evasion Moves Clause: Evasion moves are banned
|rule|Endless Battle Clause: Forcing endless battles is banned
|rule|HP Percentage Mod: HP is shown in percentages
|rule|One Boost Passer Clause: Limit one Baton Passer that has a way to boost its stats
|rule|Freeze Clause Mod: Limit one foe frozen
|
|t:|1728440954
|start
|switch|p1a: Zapdos|Zapdos|100/100
|switch|p2a: Zapdos|Zapdos|100/100
|turn|1
|
|t:|1728440963
|move|p2a: Zapdos|Thunderbolt|p1a: Zapdos
|-damage|p1a: Zapdos|46/100
|move|p1a: Zapdos|Thunderbolt|p2a: Zapdos
|-damage|p2a: Zapdos|35/100
|-status|p2a: Zapdos|par
|
|-heal|p1a: Zapdos|52/100|[from] item: Leftovers
|-heal|p2a: Zapdos|42/100 par|[from] item: Leftovers
|upkeep
|turn|2
|
|t:|1728440973
|switch|p2a: Blissey|Blissey, F|100/100
|move|p1a: Zapdos|Thunderbolt|p2a: Blissey
|-damage|p2a: Blissey|81/100
|
|-heal|p1a: Zapdos|58/100|[from] item: Leftovers
|-heal|p2a: Blissey|87/100|[from] item: Leftovers
|upkeep
|turn|3
|
|t:|1728440981
|switch|p1a: Metagross|Metagross|100/100
|move|p2a: Blissey|Wish|p2a: Blissey
|
|-heal|p2a: Blissey|94/100|[from] item: Leftovers
|upkeep
|turn|4
|
|t:|1728440994
|switch|p2a: Metagross|Metagross|100/100
|move|p1a: Metagross|Meteor Mash|p2a: Metagross
|-resisted|p2a: Metagross
|-damage|p2a: Metagross|72/100
|
|-heal|p2a: Metagross|100/100|[from] move: Wish|[wisher] Blissey
|upkeep
|turn|5
|
|t:|1728441009
|switch|p1a: Swampert|Swampert, F|100/100
|move|p2a: Metagross|Meteor Mash|p1a: Swampert
|-resisted|p1a: Swampert
|-damage|p1a: Swampert|75/100
|-boost|p2a: Metagross|atk|1
|
|upkeep
|turn|6
|
|t:|1728441024
|move|p1a: Swampert|Substitute|p1a: Swampert
|-start|p1a: Swampert|Substitute
|-damage|p1a: Swampert|50/100
|move|p2a: Metagross|Meteor Mash|p1a: Swampert
|-resisted|p1a: Swampert
|-end|p1a: Swampert|Substitute
|
|upkeep
|turn|7
|
|t:|1728441037
|move|p1a: Swampert|Endeavor|p2a: Metagross
|-damage|p2a: Metagross|47/100
|move|p2a: Metagross|Earthquake|p1a: Swampert
|-damage|p1a: Swampert|0 fnt
|faint|p1a: Swampert
|inactive|Wonderful Whiscash has 270 seconds left.
|
|t:|1728441063
|switch|p1a: Smeargle|Smeargle, F|100/100
|
|-heal|p2a: Metagross|53/100|[from] item: Leftovers
|upkeep
|turn|8
|
|t:|1728441072
|switch|p2a: Zapdos|Zapdos|42/100 par
|move|p1a: Smeargle|Spore||[still]
|-fail|p1a: Smeargle
|
|-heal|p2a: Zapdos|48/100 par|[from] item: Leftovers
|upkeep
|turn|9
|inactive|Wonderful Whiscash has 270 seconds left.
|
|t:|1728441091
|switch|p1a: Zapdos|Zapdos|58/100
|cant|p2a: Zapdos|par
|
|-heal|p1a: Zapdos|64/100|[from] item: Leftovers
|-heal|p2a: Zapdos|54/100 par|[from] item: Leftovers
|upkeep
|turn|10
|
|t:|1728441105
|switch|p2a: Blissey|Blissey, F|94/100
|move|p1a: Zapdos|Thunderbolt|p2a: Blissey
|-damage|p2a: Blissey|75/100
|
|-heal|p1a: Zapdos|70/100|[from] item: Leftovers
|-heal|p2a: Blissey|81/100|[from] item: Leftovers
|upkeep
|turn|11
|
|t:|1728441115
|move|p1a: Zapdos|Baton Pass|p1a: Zapdos
|
|t:|1728441117
|switch|p1a: Metagross|Metagross|100/100|[from] Baton Pass
|move|p2a: Blissey|Wish|p2a: Blissey
|
|-heal|p2a: Blissey|87/100|[from] item: Leftovers
|upkeep
|turn|12
|
|t:|1728441123
|switch|p2a: Zapdos|Zapdos|54/100 par
|move|p1a: Metagross|Earthquake|p2a: Zapdos
|-immune|p2a: Zapdos
|
|-heal|p2a: Zapdos|100/100 par|[from] move: Wish|[wisher] Blissey
|upkeep
|turn|13
|
|t:|1728441132
|switch|p1a: Zapdos|Zapdos|70/100
|cant|p2a: Zapdos|par
|
|-heal|p1a: Zapdos|76/100|[from] item: Leftovers
|upkeep
|turn|14
|
|t:|1728441138
|move|p1a: Zapdos|Thunderbolt|p2a: Zapdos
|-damage|p2a: Zapdos|41/100 par
|move|p2a: Zapdos|Thunderbolt|p1a: Zapdos
|-damage|p1a: Zapdos|26/100
|
|-heal|p1a: Zapdos|32/100|[from] item: Leftovers
|-heal|p2a: Zapdos|48/100 par|[from] item: Leftovers
|upkeep
|turn|15
|
|t:|1728441152
|switch|p2a: Tyranitar|Tyranitar, M|100/100
|-weather|Sandstorm|[from] ability: Sand Stream|[of] p2a: Tyranitar
|move|p1a: Zapdos|Thunderbolt|p2a: Tyranitar
|-damage|p2a: Tyranitar|53/100
|
|-weather|Sandstorm|[upkeep]
|-damage|p1a: Zapdos|26/100|[from] Sandstorm
|-heal|p1a: Zapdos|32/100|[from] item: Leftovers
|-heal|p2a: Tyranitar|59/100|[from] item: Leftovers
|upkeep
|turn|16
|inactive|Wonderful Whiscash has 270 seconds left.
|
|t:|1728441196
|move|p1a: Zapdos|Thunderbolt|p2a: Tyranitar
|-damage|p2a: Tyranitar|11/100
|move|p2a: Tyranitar|Pursuit|p1a: Zapdos
|-damage|p1a: Zapdos|11/100
|
|-weather|Sandstorm|[upkeep]
|-damage|p1a: Zapdos|5/100|[from] Sandstorm
|-heal|p1a: Zapdos|11/100|[from] item: Leftovers
|-heal|p2a: Tyranitar|17/100|[from] item: Leftovers
|upkeep
|turn|17
|
|t:|1728441206
|switch|p2a: Blissey|Blissey, F|87/100
|move|p1a: Zapdos|Thunderbolt|p2a: Blissey
|-damage|p2a: Blissey|69/100
|
|-weather|Sandstorm|[upkeep]
|-damage|p1a: Zapdos|5/100|[from] Sandstorm
|-damage|p2a: Blissey|63/100|[from] Sandstorm
|-heal|p1a: Zapdos|11/100|[from] item: Leftovers
|-heal|p2a: Blissey|69/100|[from] item: Leftovers
|upkeep
|turn|18
|
|t:|1728441217
|switch|p1a: Metagross|Metagross|100/100
|move|p2a: Blissey|Wish|p2a: Blissey
|
|-weather|Sandstorm|[upkeep]
|-damage|p2a: Blissey|63/100|[from] Sandstorm
|-heal|p2a: Blissey|69/100|[from] item: Leftovers
|upkeep
|turn|19
|
|t:|1728441238
|switch|p2a: Tyranitar|Tyranitar, M|17/100
|move|p1a: Metagross|Meteor Mash|p2a: Tyranitar
|-supereffective|p2a: Tyranitar
|-damage|p2a: Tyranitar|0 fnt
|faint|p2a: Tyranitar
|
|t:|1728441245
|switch|p2a: Metagross|Metagross|53/100
|
|-heal|p2a: Metagross|100/100|[from] move: Wish|[wisher] Blissey
|-weather|Sandstorm|[upkeep]
|upkeep
|turn|20
|inactive|Wonderful Whiscash has 270 seconds left.
|
|t:|1728441253
|switch|p1a: Zapdos|Zapdos|11/100
|move|p2a: Metagross|Meteor Mash|p1a: Zapdos
|-resisted|p1a: Zapdos
|-damage|p1a: Zapdos|0 fnt
|-boost|p2a: Metagross|atk|1
|faint|p1a: Zapdos
|inactive|Wonderful Whiscash has 270 seconds left.
|
|t:|1728441264
|switch|p1a: Aerodactyl|Aerodactyl, F|100/100
|
|-weather|Sandstorm|[upkeep]
|upkeep
|turn|21
|
|t:|1728441276
|move|p1a: Aerodactyl|Earthquake|p2a: Metagross
|-supereffective|p2a: Metagross
|-damage|p2a: Metagross|46/100
|move|p2a: Metagross|Meteor Mash|p1a: Aerodactyl
|-supereffective|p1a: Aerodactyl
|-damage|p1a: Aerodactyl|0 fnt
|faint|p1a: Aerodactyl
|inactive|Wonderful Whiscash has 270 seconds left.
|
|t:|1728441286
|switch|p1a: Smeargle|Smeargle, F|100/100
|
|-weather|Sandstorm|[upkeep]
|-damage|p1a: Smeargle|95/100|[from] Sandstorm
|-heal|p2a: Metagross|52/100|[from] item: Leftovers
|upkeep
|turn|22
|
|t:|1728441294
|switch|p2a: Zapdos|Zapdos|48/100 par
|move|p1a: Smeargle|Spore||[still]
|-fail|p1a: Smeargle
|
|-weather|Sandstorm|[upkeep]
|-damage|p1a: Smeargle|89/100|[from] Sandstorm
|-damage|p2a: Zapdos|41/100 par|[from] Sandstorm
|-heal|p2a: Zapdos|48/100 par|[from] item: Leftovers
|upkeep
|turn|23
|
|t:|1728441305
|move|p1a: Smeargle|Spikes|p2a: Zapdos
|-sidestart|p2: OzEngine|Spikes
|move|p2a: Zapdos|Thunderbolt|p1a: Smeargle
|-damage|p1a: Smeargle|3/100
|
|-weather|Sandstorm|[upkeep]
|-damage|p1a: Smeargle|0 fnt|[from] Sandstorm
|-damage|p2a: Zapdos|41/100 par|[from] Sandstorm
|faint|p1a: Smeargle
|-heal|p2a: Zapdos|48/100 par|[from] item: Leftovers
|upkeep
|inactive|Wonderful Whiscash has 270 seconds left.
|
|t:|1728441316
|switch|p1a: Tyranitar|Tyranitar, F|100/100
|turn|24
|
|t:|1728441322
|switch|p2a: Hariyama|Hariyama, F|100/100
|-damage|p2a: Hariyama|88/100|[from] Spikes
|move|p1a: Tyranitar|Dragon Dance|p1a: Tyranitar
|-boost|p1a: Tyranitar|atk|1
|-boost|p1a: Tyranitar|spe|1
|
|-weather|Sandstorm|[upkeep]
|-damage|p2a: Hariyama|82/100|[from] Sandstorm
|-heal|p2a: Hariyama|88/100|[from] item: Leftovers
|upkeep
|turn|25
|
|t:|1728441332
|switch|p1a: Metagross|Metagross|100/100
|move|p2a: Hariyama|Brick Break|p1a: Metagross
|-crit|p1a: Metagross
|-damage|p1a: Metagross|27/100
|
|-weather|Sandstorm|[upkeep]
|-damage|p2a: Hariyama|82/100|[from] Sandstorm
|-heal|p2a: Hariyama|88/100|[from] item: Leftovers
|upkeep
|turn|26
|
|t:|1728441343
|switch|p2a: Zapdos|Zapdos|48/100 par
|move|p1a: Metagross|Explosion|p2a: Zapdos
|-damage|p2a: Zapdos|0 fnt
|faint|p1a: Metagross
|faint|p2a: Zapdos
|
|t:|1728441349
|switch|p2a: Hariyama|Hariyama, F|88/100
|switch|p1a: Tyranitar|Tyranitar, F|100/100
|-damage|p2a: Hariyama|76/100|[from] Spikes
|
|-weather|Sandstorm|[upkeep]
|-damage|p2a: Hariyama|70/100|[from] Sandstorm
|-heal|p2a: Hariyama|76/100|[from] item: Leftovers
|upkeep
|turn|27
|
|t:|1728441362
|move|p1a: Tyranitar|Dragon Dance|p1a: Tyranitar
|-boost|p1a: Tyranitar|atk|1
|-boost|p1a: Tyranitar|spe|1
|move|p2a: Hariyama|Brick Break|p1a: Tyranitar
|-supereffective|p1a: Tyranitar
|-damage|p1a: Tyranitar|0 fnt
|faint|p1a: Tyranitar
|
|win|OzEngine
|c|☆OzEngine|gg
|c|☆Wonderful Whiscash|gg
|player|p1|
|player|p2|

</script>
<script type="application/json" class="data" id="replaydata-smogtours-gen3ou-796576">
{"id":"smogtours-gen3ou-796576","format":"[Gen 3] OU","players":["Wonderful Whiscash","OzEngine"],"uploadtime":1728441362,"views":78,"formatid":"gen3ou","rating":null,"private":0,"password":null}
</script>

<script defer src="js/replays.js?9d40a366"></script>
