<!DOCTYPE html>
<meta charset="utf-8" />
<meta name="viewport" content="width=device-width" />

<title>[Gen 3] OU: grillkinggaming vs. DancingAlong - Replays - Pok&eacute;mon Showdown!</title>

<meta name="description" content="Watch a replay of a Pok&eacute;mon battle between grillkinggaming and DancingAlong! Format: [Gen 3] OU; Date: Oct 3, 2024" />
<!--

Hey, you! Looking in the source for the replay log?

You can find them in JSON format, just add `.json` at the end of a replay URL.

https://replay.pokemonshowdown.com/gen7randomdoublesbattle-865046831.json

Or, if you only need the log itself, add `.log` instead:

https://replay.pokemonshowdown.com/gen7randomdoublesbattle-865046831.log

-->

<link rel="stylesheet" href="//pokemonshowdown.com/style/global.css?0.023195364461161105" />
<link rel="stylesheet" href="//play.pokemonshowdown.com/style/font-awesome.css?0.13261647063804238" />
<link rel="stylesheet" href="//play.pokemonshowdown.com/style/battle.css?0.8753245789963631" />
<link rel="stylesheet" href="//play.pokemonshowdown.com/style/utilichart.css?0.8627959624976733" />

<!-- Global site tag (gtag.js) - Google Analytics -->
<script async src="https://www.googletagmanager.com/gtag/js?id=UA-26211653-1"></script>
<script>
  window.dataLayer = window.dataLayer || [];
  function gtag(){dataLayer.push(arguments);}
  gtag('js', new Date());

  gtag('config', 'UA-26211653-1');
</script>
<!-- End Google Analytics -->
<!-- Venatus Ad Manager - Install in <HEAD> of page -->
	<script src="https://hb.vntsm.com/v3/live/ad-manager.min.js" type="text/javascript" data-site-id="642aba63ec9a7b11c3c9c1be" data-mode="scan" async></script>
<!-- / Venatus Ad Manager -->

<style>
	@media (max-width:820px) {
		.battle {
			margin: 0 auto;
		}
		.battle-log {
			margin: 7px auto 0;
			max-width: 640px;
			height: 300px;
			position: static;
		}
	}
	.optgroup {
		display: inline-block;
		line-height: 22px;
		font-size: 10pt;
	}
	.optgroup .button {
		height: 25px;
		padding-top: 0;
		padding-bottom: 0;
	}
	.optgroup button.button {
		padding-left: 12px;
		padding-right: 12px;
	}
	.linklist {
		list-style: none;
		margin: 0.5em 0;
		padding: 0;
	}
	.linklist li {
		padding: 2px 0;
	}
	.sidebar {
		float: left;
		width: 320px;
	}
	.bar-wrapper {
		max-width: 1100px;
		margin: 0 auto;
	}
	.bar-wrapper.has-sidebar {
		max-width: 1430px;
	}
	.mainbar {
		margin: 0;
		padding-right: 1px;
	}
	.mainbar.has-sidebar {
		margin-left: 330px;
	}
	@media (min-width: 1511px) {
		.sidebar {
			width: 400px;
		}
		.bar-wrapper.has-sidebar {
			max-width: 1510px;
		}
		.mainbar.has-sidebar {
			margin-left: 410px;
		}
	}
	.section.first-section {
		margin-top: 9px;
	}
	.blocklink small {
		white-space: normal;
	}
	.button {
		vertical-align: middle;
	}
	.replay-controls {
		padding-top: 10px;
	}
	.replay-controls h1 {
		font-size: 16pt;
		font-weight: normal;
		color: #CCC;
	}
	.pagelink {
		text-align: center;
	}
	.pagelink a {
		width: 150px;
	}
	.textbox, .button {
		font-size: 11pt;
		vertical-align: middle;
	}
	@media (max-width: 450px) {
		.button {
			font-size: 9pt;
		}
	}
</style>

<div>

	<header>
		<div class="nav-wrapper"><ul class="nav">
			<li><a class="button nav-first" href="//pokemonshowdown.com/"><img src="//pokemonshowdown.com/images/pokemonshowdownbeta.png" srcset="//pokemonshowdown.com/images/pokemonshowdownbeta.png 1x, //pokemonshowdown.com/images/pokemonshowdownbeta@2x.png 2x" alt="Pok&eacute;mon Showdown" width="146" height="44" /> Home</a></li>
			<li><a class="button" href="//pokemonshowdown.com/dex/">Pok&eacute;dex</a></li>
			<li><a class="button cur" href="/">Replays</a></li>
			<li><a class="button" href="//pokemonshowdown.com/ladder/">Ladder</a></li>
			<li><a class="button nav-last" href="//pokemonshowdown.com/forums/">Forum</a></li>
			<li><a class="button greenbutton nav-first nav-last" href="//play.pokemonshowdown.com/">Play</a></li>
		</ul></div>
	</header>

	<div class="main" id="main">

		<noscript><section class="section">You need to enable JavaScript to use this page; sorry!</section></noscript>

	</div>

</div>

<script defer nomodule src="//play.pokemonshowdown.com/js/lib/ps-polyfill.js"></script>
<script defer src="//play.pokemonshowdown.com/js/lib/preact.min.js"></script>

<script defer src="//play.pokemonshowdown.com/config/config.js?2bddbc15"></script>
<script defer src="//play.pokemonshowdown.com/js/lib/jquery-1.11.0.min.js"></script>
<script defer src="//play.pokemonshowdown.com/js/lib/html-sanitizer-minified.js"></script>
<script defer src="//play.pokemonshowdown.com/js/battle-sound.js"></script>
<script defer src="//play.pokemonshowdown.com/js/battledata.js?0.7209276989879541"></script>
<script defer src="//play.pokemonshowdown.com/data/pokedex-mini.js?0.6111056340867951"></script>
<script defer src="//play.pokemonshowdown.com/data/pokedex-mini-bw.js?0.3532142036491459"></script>
<script defer src="//play.pokemonshowdown.com/data/graphics.js?0.24223875632456182"></script>
<script defer src="//play.pokemonshowdown.com/data/pokedex.js?0.38839984266356864"></script>
<script defer src="//play.pokemonshowdown.com/data/moves.js?0.21866028504024015"></script>
<script defer src="//play.pokemonshowdown.com/data/abilities.js?0.2005157953846628"></script>
<script defer src="//play.pokemonshowdown.com/data/items.js?0.9894211263848525"></script>
<script defer src="//play.pokemonshowdown.com/data/teambuilder-tables.js?0.6008791140282215"></script>
<script defer src="//play.pokemonshowdown.com/js/battle-tooltips.js?0.7580118955022959"></script>
<script defer src="//play.pokemonshowdown.com/js/battle.js?0.6057722274234274"></script>

<script defer src="js/utils.js?e31f9a17"></script>
<script defer src="js/replays-battle.js?7008c182"></script>

<!-- don't scrape this data! just add .json or .log after the URL!
Full API docs: https://github.com/smogon/pokemon-showdown-client/blob/master/WEB-API.md -->
<script type="text/plain" class="log" id="replaylog-smogtours-gen3ou-794404">
|inactive|Battle timer is ON: inactive players will automatically lose when time's up.
|t:|1727991800
|gametype|singles
|player|p1|grillkinggaming|1|
|player|p2|DancingAlong|jogger|
|teamsize|p1|6
|teamsize|p2|6
|gen|3
|tier|[Gen 3] OU
|rule|Sleep Clause Mod: Limit one foe put to sleep
|rule|Switch Priority Clause Mod: Faster Pokémon switch first
|rule|Species Clause: Limit one of each Pokémon
|rule|OHKO Clause: OHKO moves are banned
|rule|Evasion Items Clause: Evasion items are banned
|rule|Evasion Moves Clause: Evasion moves are banned
|rule|Endless Battle Clause: Forcing endless battles is banned
|rule|HP Percentage Mod: HP is shown in percentages
|rule|One Boost Passer Clause: Limit one Baton Passer that has a way to boost its stats
|rule|Freeze Clause Mod: Limit one foe frozen
|
|t:|1727991800
|start
|switch|p1a: Augustus|Tyranitar, M|100/100
|switch|p2a: Macigno|Medicham, M, shiny|100/100
|-weather|Sandstorm|[from] ability: Sand Stream|[of] p1a: Augustus
|turn|1
|c|☆grillkinggaming|glhf
|c|☆DancingAlong|glhf
|
|t:|1727991829
|-singleturn|p2a: Macigno|move: Focus Punch
|switch|p1a: Caligula|Claydol|100/100
|move|p2a: Macigno|Focus Punch|p1a: Caligula
|-resisted|p1a: Caligula
|-damage|p1a: Caligula|47/100
|
|-weather|Sandstorm|[upkeep]
|-damage|p2a: Macigno|94/100|[from] Sandstorm
|-heal|p1a: Caligula|54/100|[from] item: Leftovers
|upkeep
|turn|2
|
|t:|1727991852
|move|p2a: Macigno|Shadow Ball|p1a: Caligula
|-supereffective|p1a: Caligula
|-damage|p1a: Caligula|0 fnt
|faint|p1a: Caligula
|
|t:|1727991858
|switch|p1a: Adrian|Skarmory, M|100/100
|
|-weather|Sandstorm|[upkeep]
|-damage|p2a: Macigno|88/100|[from] Sandstorm
|upkeep
|turn|3
|
|t:|1727991867
|switch|p2a: Zabdos|Zapdos|100/100
|move|p1a: Adrian|Drill Peck|p2a: Zabdos
|-resisted|p2a: Zabdos
|-damage|p2a: Zabdos|86/100
|
|-weather|Sandstorm|[upkeep]
|-damage|p2a: Zabdos|79/100|[from] Sandstorm
|-heal|p2a: Zabdos|86/100|[from] item: Leftovers
|upkeep
|turn|4
|
|t:|1727991879
|switch|p2a: Macigno|Medicham, M, shiny|88/100
|switch|p1a: Constantine|Blissey, F|100/100
|
|-weather|Sandstorm|[upkeep]
|-damage|p2a: Macigno|82/100|[from] Sandstorm
|-damage|p1a: Constantine|94/100|[from] Sandstorm
|-heal|p1a: Constantine|100/100|[from] item: Leftovers
|upkeep
|turn|5
|inactive|grillkinggaming has 270 seconds left.
|inactive|DancingAlong has 270 seconds left.
|
|t:|1727991912
|move|p2a: Macigno|Brick Break|p1a: Constantine
|-supereffective|p1a: Constantine
|-damage|p1a: Constantine|0 fnt
|faint|p1a: Constantine
|inactive|grillkinggaming has 270 seconds left.
|
|t:|1727991923
|switch|p1a: Nero|Aerodactyl, M|100/100
|
|-weather|Sandstorm|[upkeep]
|-damage|p2a: Macigno|76/100|[from] Sandstorm
|upkeep
|turn|6
|
|t:|1727991931
|switch|p2a: Sovente|Swampert, M|100/100
|move|p1a: Nero|Double-Edge|p2a: Sovente
|-damage|p2a: Sovente|65/100
|
|-weather|Sandstorm|[upkeep]
|-heal|p2a: Sovente|71/100|[from] item: Leftovers
|upkeep
|turn|7
|
|t:|1727991941
|switch|p1a: Adrian|Skarmory, M|100/100
|switch|p2a: Torrente|Tyranitar, F|100/100
|
|-weather|Sandstorm|[upkeep]
|upkeep
|turn|8
|
|t:|1727991947
|move|p2a: Torrente|Fire Blast|p1a: Adrian
|-supereffective|p1a: Adrian
|-damage|p1a: Adrian|33/100
|move|p1a: Adrian|Spikes|p2a: Torrente
|-sidestart|p2: DancingAlong|Spikes
|
|-weather|Sandstorm|[upkeep]
|-heal|p1a: Adrian|39/100|[from] item: Leftovers
|upkeep
|turn|9
|
|t:|1727991975
|move|p2a: Torrente|Fire Blast|p1a: Adrian
|-supereffective|p1a: Adrian
|-damage|p1a: Adrian|0 fnt
|faint|p1a: Adrian
|
|t:|1727991984
|switch|p1a: Julius|Metagross|100/100
|
|-weather|Sandstorm|[upkeep]
|upkeep
|turn|10
|
|t:|1727991991
|move|p2a: Torrente|Fire Blast|p1a: Julius
|-supereffective|p1a: Julius
|-crit|p1a: Julius
|-damage|p1a: Julius|0 fnt
|faint|p1a: Julius
|c|☆DancingAlong|sorry
|
|t:|1727991999
|switch|p1a: Augustus|Tyranitar, M|100/100
|
|-weather|Sandstorm|[upkeep]
|upkeep
|turn|11
|
|t:|1727992003
|move|p2a: Torrente|Brick Break|p1a: Augustus
|-supereffective|p1a: Augustus
|-damage|p1a: Augustus|25/100
|move|p1a: Augustus|Substitute|p1a: Augustus
|-fail|p1a: Augustus|move: Substitute|[weak]
|
|-weather|Sandstorm|[upkeep]
|-heal|p1a: Augustus|31/100|[from] item: Leftovers
|upkeep
|turn|12
|
|t:|1727992010
|switch|p1a: Nero|Aerodactyl, M|100/100
|move|p2a: Torrente|Brick Break|p1a: Nero
|-damage|p1a: Nero|64/100
|
|-weather|Sandstorm|[upkeep]
|upkeep
|turn|13
|
|t:|1727992016
|move|p1a: Nero|Earthquake|p2a: Torrente
|-supereffective|p2a: Torrente
|-damage|p2a: Torrente|13/100
|move|p2a: Torrente|Ice Beam|p1a: Nero
|-supereffective|p1a: Nero
|-damage|p1a: Nero|0 fnt
|faint|p1a: Nero
|
|t:|1727992022
|switch|p1a: Augustus|Tyranitar, M|31/100
|
|-weather|Sandstorm|[upkeep]
|-heal|p1a: Augustus|37/100|[from] item: Leftovers
|upkeep
|turn|14
|
|t:|1727992025
|move|p2a: Torrente|Brick Break|p1a: Augustus
|-supereffective|p1a: Augustus
|-damage|p1a: Augustus|0 fnt
|faint|p1a: Augustus
|
|win|DancingAlong
|player|p1|
|c|☆DancingAlong|gg
|player|p1|grillkinggaming|1|

</script>
<script type="application/json" class="data" id="replaydata-smogtours-gen3ou-794404">
{"id":"smogtours-gen3ou-794404","format":"[Gen 3] OU","players":["grillkinggaming","DancingAlong"],"uploadtime":1727992025,"views":162,"formatid":"gen3ou","rating":null,"private":0,"password":null}
</script>

<script defer src="js/replays.js?9d40a366"></script>
