<!DOCTYPE html>
<meta charset="utf-8" />
<meta name="viewport" content="width=device-width" />

<title>[Gen 3] OU: reptikrook vs. thunderousbagel - Replays - Pok&eacute;mon Showdown!</title>

<meta name="description" content="Watch a replay of a Pok&eacute;mon battle between reptikrook and thunderousbagel! Format: [Gen 3] OU; Date: Oct 31, 2024" />
<!--

Hey, you! Looking in the source for the replay log?

You can find them in JSON format, just add `.json` at the end of a replay URL.

https://replay.pokemonshowdown.com/gen7randomdoublesbattle-865046831.json

Or, if you only need the log itself, add `.log` instead:

https://replay.pokemonshowdown.com/gen7randomdoublesbattle-865046831.log

-->

<link rel="stylesheet" href="//pokemonshowdown.com/style/global.css?0.023195364461161105" />
<link rel="stylesheet" href="//play.pokemonshowdown.com/style/font-awesome.css?0.13261647063804238" />
<link rel="stylesheet" href="//play.pokemonshowdown.com/style/battle.css?0.8753245789963631" />
<link rel="stylesheet" href="//play.pokemonshowdown.com/style/utilichart.css?0.8627959624976733" />

<!-- Global site tag (gtag.js) - Google Analytics -->
<script async src="https://www.googletagmanager.com/gtag/js?id=UA-26211653-1"></script>
<script>
  window.dataLayer = window.dataLayer || [];
  function gtag(){dataLayer.push(arguments);}
  gtag('js', new Date());

  gtag('config', 'UA-26211653-1');
</script>
<!-- End Google Analytics -->
<!-- Venatus Ad Manager - Install in <HEAD> of page -->
	<script src="https://hb.vntsm.com/v3/live/ad-manager.min.js" type="text/javascript" data-site-id="642aba63ec9a7b11c3c9c1be" data-mode="scan" async></script>
<!-- / Venatus Ad Manager -->

<style>
	@media (max-width:820px) {
		.battle {
			margin: 0 auto;
		}
		.battle-log {
			margin: 7px auto 0;
			max-width: 640px;
			height: 300px;
			position: static;
		}
	}
	.optgroup {
		display: inline-block;
		line-height: 22px;
		font-size: 10pt;
	}
	.optgroup .button {
		height: 25px;
		padding-top: 0;
		padding-bottom: 0;
	}
	.optgroup button.button {
		padding-left: 12px;
		padding-right: 12px;
	}
	.linklist {
		list-style: none;
		margin: 0.5em 0;
		padding: 0;
	}
	.linklist li {
		padding: 2px 0;
	}
	.sidebar {
		float: left;
		width: 320px;
	}
	.bar-wrapper {
		max-width: 1100px;
		margin: 0 auto;
	}
	.bar-wrapper.has-sidebar {
		max-width: 1430px;
	}
	.mainbar {
		margin: 0;
		padding-right: 1px;
	}
	.mainbar.has-sidebar {
		margin-left: 330px;
	}
	@media (min-width: 1511px) {
		.sidebar {
			width: 400px;
		}
		.bar-wrapper.has-sidebar {
			max-width: 1510px;
		}
		.mainbar.has-sidebar {
			margin-left: 410px;
		}
	}
	.section.first-section {
		margin-top: 9px;
	}
	.blocklink small {
		white-space: normal;
	}
	.button {
		vertical-align: middle;
	}
	.replay-controls {
		padding-top: 10px;
	}
	.replay-controls h1 {
		font-size: 16pt;
		font-weight: normal;
		color: #CCC;
	}
	.pagelink {
		text-align: center;
	}
	.pagelink a {
		width: 150px;
	}
	.textbox, .button {
		font-size: 11pt;
		vertical-align: middle;
	}
	@media (max-width: 450px) {
		.button {
			font-size: 9pt;
		}
	}
</style>

<div>

	<header>
		<div class="nav-wrapper"><ul class="nav">
			<li><a class="button nav-first" href="//pokemonshowdown.com/"><img src="//pokemonshowdown.com/images/pokemonshowdownbeta.png" srcset="//pokemonshowdown.com/images/pokemonshowdownbeta.png 1x, //pokemonshowdown.com/images/pokemonshowdownbeta@2x.png 2x" alt="Pok&eacute;mon Showdown" width="146" height="44" /> Home</a></li>
			<li><a class="button" href="//pokemonshowdown.com/dex/">Pok&eacute;dex</a></li>
			<li><a class="button cur" href="/">Replays</a></li>
			<li><a class="button" href="//pokemonshowdown.com/ladder/">Ladder</a></li>
			<li><a class="button nav-last" href="//pokemonshowdown.com/forums/">Forum</a></li>
			<li><a class="button greenbutton nav-first nav-last" href="//play.pokemonshowdown.com/">Play</a></li>
		</ul></div>
	</header>

	<div class="main" id="main">

		<noscript><section class="section">You need to enable JavaScript to use this page; sorry!</section></noscript>

	</div>

</div>

<script defer nomodule src="//play.pokemonshowdown.com/js/lib/ps-polyfill.js"></script>
<script defer src="//play.pokemonshowdown.com/js/lib/preact.min.js"></script>

<script defer src="//play.pokemonshowdown.com/config/config.js?2bddbc15"></script>
<script defer src="//play.pokemonshowdown.com/js/lib/jquery-1.11.0.min.js"></script>
<script defer src="//play.pokemonshowdown.com/js/lib/html-sanitizer-minified.js"></script>
<script defer src="//play.pokemonshowdown.com/js/battle-sound.js"></script>
<script defer src="//play.pokemonshowdown.com/js/battledata.js?0.7209276989879541"></script>
<script defer src="//play.pokemonshowdown.com/data/pokedex-mini.js?0.6111056340867951"></script>
<script defer src="//play.pokemonshowdown.com/data/pokedex-mini-bw.js?0.3532142036491459"></script>
<script defer src="//play.pokemonshowdown.com/data/graphics.js?0.24223875632456182"></script>
<script defer src="//play.pokemonshowdown.com/data/pokedex.js?0.38839984266356864"></script>
<script defer src="//play.pokemonshowdown.com/data/moves.js?0.21866028504024015"></script>
<script defer src="//play.pokemonshowdown.com/data/abilities.js?0.2005157953846628"></script>
<script defer src="//play.pokemonshowdown.com/data/items.js?0.9894211263848525"></script>
<script defer src="//play.pokemonshowdown.com/data/teambuilder-tables.js?0.6008791140282215"></script>
<script defer src="//play.pokemonshowdown.com/js/battle-tooltips.js?0.7580118955022959"></script>
<script defer src="//play.pokemonshowdown.com/js/battle.js?0.6057722274234274"></script>

<script defer src="js/utils.js?e31f9a17"></script>
<script defer src="js/replays-battle.js?7008c182"></script>

<!-- don't scrape this data! just add .json or .log after the URL!
Full API docs: https://github.com/smogon/pokemon-showdown-client/blob/master/WEB-API.md -->
<script type="text/plain" class="log" id="replaylog-smogtours-gen3ou-803551">
|inactive|Battle timer is ON: inactive players will automatically lose when time's up.
|t:|1730341693
|gametype|singles
|player|p1|reptikrook|169|
|player|p2|thunderousbagel|cameraman|
|teamsize|p1|6
|teamsize|p2|6
|gen|3
|tier|[Gen 3] OU
|rule|Sleep Clause Mod: Limit one foe put to sleep
|rule|Switch Priority Clause Mod: Faster Pokémon switch first
|rule|Species Clause: Limit one of each Pokémon
|rule|OHKO Clause: OHKO moves are banned
|rule|Evasion Items Clause: Evasion items are banned
|rule|Evasion Moves Clause: Evasion moves are banned
|rule|Endless Battle Clause: Forcing endless battles is banned
|rule|HP Percentage Mod: HP is shown in percentages
|rule|One Boost Passer Clause: Limit one Baton Passer that has a way to boost its stats
|rule|Freeze Clause Mod: Limit one foe frozen
|
|t:|1730341693
|start
|switch|p1a: Cold Stone|Regice, shiny|100/100
|switch|p2a: Tyranitar|Tyranitar, F|100/100
|-weather|Sandstorm|[from] ability: Sand Stream|[of] p2a: Tyranitar
|turn|1
|inactive|thunderousbagel has 270 seconds left.
|
|t:|1730341726
|switch|p1a: Shrike|Skarmory, M|100/100
|move|p2a: Tyranitar|Brick Break|p1a: Shrike
|-damage|p1a: Shrike|86/100
|
|-weather|Sandstorm|[upkeep]
|-heal|p1a: Shrike|92/100|[from] item: Leftovers
|upkeep
|turn|2
|
|t:|1730341740
|move|p2a: Tyranitar|Fire Blast|p1a: Shrike
|-supereffective|p1a: Shrike
|-crit|p1a: Shrike
|-damage|p1a: Shrike|0 fnt
|faint|p1a: Shrike
|
|t:|1730341745
|switch|p1a: Musketeers|Dugtrio, M|100/100
|
|-weather|Sandstorm|[upkeep]
|upkeep
|turn|3
|
|t:|1730341760
|move|p1a: Musketeers|Earthquake|p2a: Tyranitar
|-supereffective|p2a: Tyranitar
|-damage|p2a: Tyranitar|3/100
|move|p2a: Tyranitar|Ice Beam|p1a: Musketeers
|-supereffective|p1a: Musketeers
|-damage|p1a: Musketeers|0 fnt
|faint|p1a: Musketeers
|
|t:|1730341770
|switch|p1a: Kalamet|Aerodactyl, F|100/100
|
|-weather|Sandstorm|[upkeep]
|-heal|p2a: Tyranitar|9/100|[from] item: Leftovers
|upkeep
|turn|4
|
|t:|1730341780
|move|p1a: Kalamet|Double-Edge|p2a: Tyranitar
|-resisted|p2a: Tyranitar
|-damage|p2a: Tyranitar|0 fnt
|faint|p2a: Tyranitar
|
|t:|1730341787
|switch|p2a: Metagross|Metagross|100/100
|
|-weather|Sandstorm|[upkeep]
|upkeep
|turn|5
|
|t:|1730341792
|switch|p1a: Magnus Carlmon|Magneton|100/100
|move|p2a: Metagross|Meteor Mash|p1a: Magnus Carlmon
|-resisted|p1a: Magnus Carlmon
|-damage|p1a: Magnus Carlmon|82/100
|
|-weather|Sandstorm|[upkeep]
|-heal|p1a: Magnus Carlmon|89/100|[from] item: Leftovers
|upkeep
|turn|6
|
|t:|1730341800
|move|p1a: Magnus Carlmon|Substitute|p1a: Magnus Carlmon
|-start|p1a: Magnus Carlmon|Substitute
|-damage|p1a: Magnus Carlmon|64/100
|move|p2a: Metagross|Earthquake|p1a: Magnus Carlmon
|-supereffective|p1a: Magnus Carlmon
|-end|p1a: Magnus Carlmon|Substitute
|
|-weather|Sandstorm|[upkeep]
|-heal|p1a: Magnus Carlmon|70/100|[from] item: Leftovers
|upkeep
|turn|7
|
|t:|1730341810
|move|p1a: Magnus Carlmon|Thunderbolt|p2a: Metagross
|-damage|p2a: Metagross|49/100
|move|p2a: Metagross|Earthquake|p1a: Magnus Carlmon
|-supereffective|p1a: Magnus Carlmon
|-damage|p1a: Magnus Carlmon|0 fnt
|faint|p1a: Magnus Carlmon
|
|t:|1730341816
|switch|p1a: Kalamet|Aerodactyl, F|100/100
|
|-weather|Sandstorm|[upkeep]
|upkeep
|turn|8
|
|t:|1730341826
|switch|p2a: Gengar|Gengar, F|100/100
|move|p1a: Kalamet|Earthquake|p2a: Gengar
|-immune|p2a: Gengar
|
|-weather|Sandstorm|[upkeep]
|-damage|p2a: Gengar|94/100|[from] Sandstorm
|-heal|p2a: Gengar|100/100|[from] item: Leftovers
|upkeep
|turn|9
|
|t:|1730341834
|switch|p1a: Cold Stone|Regice, shiny|100/100
|move|p2a: Gengar|Fire Punch|p1a: Cold Stone
|-supereffective|p1a: Cold Stone
|-damage|p1a: Cold Stone|72/100
|
|-weather|Sandstorm|[upkeep]
|-damage|p2a: Gengar|94/100|[from] Sandstorm
|-damage|p1a: Cold Stone|66/100|[from] Sandstorm
|-heal|p2a: Gengar|100/100|[from] item: Leftovers
|-heal|p1a: Cold Stone|72/100|[from] item: Leftovers
|upkeep
|turn|10
|inactive|thunderousbagel has 270 seconds left.
|inactive|thunderousbagel has 240 seconds left.
|
|t:|1730341904
|move|p2a: Gengar|Fire Punch|p1a: Cold Stone
|-supereffective|p1a: Cold Stone
|-damage|p1a: Cold Stone|45/100
|move|p1a: Cold Stone|Thunderbolt|p2a: Gengar
|-damage|p2a: Gengar|49/100
|
|-weather|Sandstorm|[upkeep]
|-damage|p2a: Gengar|42/100|[from] Sandstorm
|-damage|p1a: Cold Stone|39/100|[from] Sandstorm
|-heal|p2a: Gengar|49/100|[from] item: Leftovers
|-heal|p1a: Cold Stone|45/100|[from] item: Leftovers
|upkeep
|turn|11
|inactive|thunderousbagel has 240 seconds left.
|
|t:|1730341915
|move|p2a: Gengar|Explosion|p1a: Cold Stone
|-damage|p1a: Cold Stone|0 fnt
|faint|p2a: Gengar
|faint|p1a: Cold Stone
|inactive|thunderousbagel has 240 seconds left.
|
|t:|1730341927
|switch|p2a: Metagross|Metagross|49/100
|switch|p1a: Kalamet|Aerodactyl, F|100/100
|
|-weather|Sandstorm|[upkeep]
|upkeep
|turn|12
|inactive|thunderousbagel has 240 seconds left.
|
|t:|1730341951
|switch|p2a: Cloyster|Cloyster, F|100/100
|move|p1a: Kalamet|Earthquake|p2a: Cloyster
|-damage|p2a: Cloyster|65/100
|
|-weather|Sandstorm|[upkeep]
|-damage|p2a: Cloyster|59/100|[from] Sandstorm
|-heal|p2a: Cloyster|65/100|[from] item: Leftovers
|upkeep
|turn|13
|
|t:|1730341959
|move|p1a: Kalamet|Earthquake|p2a: Cloyster
|-damage|p2a: Cloyster|29/100
|move|p2a: Cloyster|Explosion|p1a: Kalamet
|-resisted|p1a: Kalamet
|-damage|p1a: Kalamet|22/100
|faint|p2a: Cloyster
|
|t:|1730341962
|switch|p2a: Swampert|Swampert, F|100/100
|
|-weather|Sandstorm|[upkeep]
|upkeep
|turn|14
|
|t:|1730341968
|move|p1a: Kalamet|Earthquake|p2a: Swampert
|-damage|p2a: Swampert|59/100
|move|p2a: Swampert|Ice Beam|p1a: Kalamet
|-supereffective|p1a: Kalamet
|-damage|p1a: Kalamet|0 fnt
|faint|p1a: Kalamet
|
|t:|1730341973
|switch|p1a: Khamsin|Tyranitar, F|100/100
|
|-weather|Sandstorm|[upkeep]
|-heal|p2a: Swampert|65/100|[from] item: Leftovers
|upkeep
|turn|15
|
|t:|1730341987
|move|p1a: Khamsin|Dragon Dance|p1a: Khamsin
|-boost|p1a: Khamsin|atk|1
|-boost|p1a: Khamsin|spe|1
|move|p2a: Swampert|Earthquake|p1a: Khamsin
|-supereffective|p1a: Khamsin
|-damage|p1a: Khamsin|35/100
|
|-weather|Sandstorm|[upkeep]
|-heal|p2a: Swampert|71/100|[from] item: Leftovers
|upkeep
|turn|16
|
|t:|1730341999
|move|p1a: Khamsin|Rock Slide|p2a: Swampert
|-resisted|p2a: Swampert
|-damage|p2a: Swampert|38/100
|move|p2a: Swampert|Earthquake|p1a: Khamsin
|-supereffective|p1a: Khamsin
|-damage|p1a: Khamsin|0 fnt
|faint|p1a: Khamsin
|
|win|thunderousbagel
|player|p1|

</script>
<script type="application/json" class="data" id="replaydata-smogtours-gen3ou-803551">
{"id":"smogtours-gen3ou-803551","format":"[Gen 3] OU","players":["reptikrook","thunderousbagel"],"uploadtime":1730341999,"views":67,"formatid":"gen3ou","rating":null,"private":0,"password":null}
</script>

<script defer src="js/replays.js?9d40a366"></script>
