<!DOCTYPE html>
<meta charset="utf-8" />
<meta name="viewport" content="width=device-width" />

<title>[Gen 3] OU: promeathean0056 vs. tsukinomiko - Replays - Pok&eacute;mon Showdown!</title>

<meta name="description" content="Watch a replay of a Pok&eacute;mon battle between promeathean0056 and tsukinomiko! Format: [Gen 3] OU; Date: Oct 23, 2024" />
<!--

Hey, you! Looking in the source for the replay log?

You can find them in JSON format, just add `.json` at the end of a replay URL.

https://replay.pokemonshowdown.com/gen7randomdoublesbattle-865046831.json

Or, if you only need the log itself, add `.log` instead:

https://replay.pokemonshowdown.com/gen7randomdoublesbattle-865046831.log

-->

<link rel="stylesheet" href="//pokemonshowdown.com/style/global.css?0.023195364461161105" />
<link rel="stylesheet" href="//play.pokemonshowdown.com/style/font-awesome.css?0.13261647063804238" />
<link rel="stylesheet" href="//play.pokemonshowdown.com/style/battle.css?0.8753245789963631" />
<link rel="stylesheet" href="//play.pokemonshowdown.com/style/utilichart.css?0.8627959624976733" />

<!-- Global site tag (gtag.js) - Google Analytics -->
<script async src="https://www.googletagmanager.com/gtag/js?id=UA-26211653-1"></script>
<script>
  window.dataLayer = window.dataLayer || [];
  function gtag(){dataLayer.push(arguments);}
  gtag('js', new Date());

  gtag('config', 'UA-26211653-1');
</script>
<!-- End Google Analytics -->
<!-- Venatus Ad Manager - Install in <HEAD> of page -->
	<script src="https://hb.vntsm.com/v3/live/ad-manager.min.js" type="text/javascript" data-site-id="642aba63ec9a7b11c3c9c1be" data-mode="scan" async></script>
<!-- / Venatus Ad Manager -->

<style>
	@media (max-width:820px) {
		.battle {
			margin: 0 auto;
		}
		.battle-log {
			margin: 7px auto 0;
			max-width: 640px;
			height: 300px;
			position: static;
		}
	}
	.optgroup {
		display: inline-block;
		line-height: 22px;
		font-size: 10pt;
	}
	.optgroup .button {
		height: 25px;
		padding-top: 0;
		padding-bottom: 0;
	}
	.optgroup button.button {
		padding-left: 12px;
		padding-right: 12px;
	}
	.linklist {
		list-style: none;
		margin: 0.5em 0;
		padding: 0;
	}
	.linklist li {
		padding: 2px 0;
	}
	.sidebar {
		float: left;
		width: 320px;
	}
	.bar-wrapper {
		max-width: 1100px;
		margin: 0 auto;
	}
	.bar-wrapper.has-sidebar {
		max-width: 1430px;
	}
	.mainbar {
		margin: 0;
		padding-right: 1px;
	}
	.mainbar.has-sidebar {
		margin-left: 330px;
	}
	@media (min-width: 1511px) {
		.sidebar {
			width: 400px;
		}
		.bar-wrapper.has-sidebar {
			max-width: 1510px;
		}
		.mainbar.has-sidebar {
			margin-left: 410px;
		}
	}
	.section.first-section {
		margin-top: 9px;
	}
	.blocklink small {
		white-space: normal;
	}
	.button {
		vertical-align: middle;
	}
	.replay-controls {
		padding-top: 10px;
	}
	.replay-controls h1 {
		font-size: 16pt;
		font-weight: normal;
		color: #CCC;
	}
	.pagelink {
		text-align: center;
	}
	.pagelink a {
		width: 150px;
	}
	.textbox, .button {
		font-size: 11pt;
		vertical-align: middle;
	}
	@media (max-width: 450px) {
		.button {
			font-size: 9pt;
		}
	}
</style>

<div>

	<header>
		<div class="nav-wrapper"><ul class="nav">
			<li><a class="button nav-first" href="//pokemonshowdown.com/"><img src="//pokemonshowdown.com/images/pokemonshowdownbeta.png" srcset="//pokemonshowdown.com/images/pokemonshowdownbeta.png 1x, //pokemonshowdown.com/images/pokemonshowdownbeta@2x.png 2x" alt="Pok&eacute;mon Showdown" width="146" height="44" /> Home</a></li>
			<li><a class="button" href="//pokemonshowdown.com/dex/">Pok&eacute;dex</a></li>
			<li><a class="button cur" href="/">Replays</a></li>
			<li><a class="button" href="//pokemonshowdown.com/ladder/">Ladder</a></li>
			<li><a class="button nav-last" href="//pokemonshowdown.com/forums/">Forum</a></li>
			<li><a class="button greenbutton nav-first nav-last" href="//play.pokemonshowdown.com/">Play</a></li>
		</ul></div>
	</header>

	<div class="main" id="main">

		<noscript><section class="section">You need to enable JavaScript to use this page; sorry!</section></noscript>

	</div>

</div>

<script defer nomodule src="//play.pokemonshowdown.com/js/lib/ps-polyfill.js"></script>
<script defer src="//play.pokemonshowdown.com/js/lib/preact.min.js"></script>

<script defer src="//play.pokemonshowdown.com/config/config.js?2bddbc15"></script>
<script defer src="//play.pokemonshowdown.com/js/lib/jquery-1.11.0.min.js"></script>
<script defer src="//play.pokemonshowdown.com/js/lib/html-sanitizer-minified.js"></script>
<script defer src="//play.pokemonshowdown.com/js/battle-sound.js"></script>
<script defer src="//play.pokemonshowdown.com/js/battledata.js?0.7209276989879541"></script>
<script defer src="//play.pokemonshowdown.com/data/pokedex-mini.js?0.6111056340867951"></script>
<script defer src="//play.pokemonshowdown.com/data/pokedex-mini-bw.js?0.3532142036491459"></script>
<script defer src="//play.pokemonshowdown.com/data/graphics.js?0.24223875632456182"></script>
<script defer src="//play.pokemonshowdown.com/data/pokedex.js?0.38839984266356864"></script>
<script defer src="//play.pokemonshowdown.com/data/moves.js?0.21866028504024015"></script>
<script defer src="//play.pokemonshowdown.com/data/abilities.js?0.2005157953846628"></script>
<script defer src="//play.pokemonshowdown.com/data/items.js?0.9894211263848525"></script>
<script defer src="//play.pokemonshowdown.com/data/teambuilder-tables.js?0.6008791140282215"></script>
<script defer src="//play.pokemonshowdown.com/js/battle-tooltips.js?0.7580118955022959"></script>
<script defer src="//play.pokemonshowdown.com/js/battle.js?0.6057722274234274"></script>

<script defer src="js/utils.js?e31f9a17"></script>
<script defer src="js/replays-battle.js?7008c182"></script>

<!-- don't scrape this data! just add .json or .log after the URL!
Full API docs: https://github.com/smogon/pokemon-showdown-client/blob/master/WEB-API.md -->
<script type="text/plain" class="log" id="replaylog-smogtours-gen3ou-801469">
|inactive|Battle timer is ON: inactive players will automatically lose when time's up.
|t:|1729724500
|gametype|singles
|player|p1|promeathean0056|2|
|player|p2|tsukinomiko|bellelba|
|teamsize|p1|6
|teamsize|p2|6
|gen|3
|tier|[Gen 3] OU
|rule|Sleep Clause Mod: Limit one foe put to sleep
|rule|Switch Priority Clause Mod: Faster Pokémon switch first
|rule|Species Clause: Limit one of each Pokémon
|rule|OHKO Clause: OHKO moves are banned
|rule|Evasion Items Clause: Evasion items are banned
|rule|Evasion Moves Clause: Evasion moves are banned
|rule|Endless Battle Clause: Forcing endless battles is banned
|rule|HP Percentage Mod: HP is shown in percentages
|rule|One Boost Passer Clause: Limit one Baton Passer that has a way to boost its stats
|rule|Freeze Clause Mod: Limit one foe frozen
|
|t:|1729724500
|start
|switch|p1a: Metagross|Metagross|100/100
|switch|p2a: Registeel|Registeel|100/100
|turn|1
|
|t:|1729724528
|move|p1a: Metagross|Agility|p1a: Metagross
|-boost|p1a: Metagross|spe|2
|move|p2a: Registeel|Thunder Wave|p1a: Metagross
|-status|p1a: Metagross|par
|
|upkeep
|turn|2
|
|t:|1729724551
|move|p1a: Metagross|Earthquake|p2a: Registeel
|-supereffective|p2a: Registeel
|-damage|p2a: Registeel|53/100
|move|p2a: Registeel|Counter|p1a: Metagross
|-damage|p1a: Metagross|0 fnt
|faint|p1a: Metagross
|inactive|promeathean0056 has 270 seconds left.
|
|t:|1729724590
|switch|p1a: Muk|Muk, M|100/100
|
|-heal|p2a: Registeel|59/100|[from] item: Leftovers
|upkeep
|turn|3
|
|t:|1729724597
|switch|p2a: Skarmory|Skarmory, F|100/100
|move|p1a: Muk|Curse|p1a: Muk
|-unboost|p1a: Muk|spe|1
|-boost|p1a: Muk|atk|1
|-boost|p1a: Muk|def|1
|
|upkeep
|turn|4
|inactive|promeathean0056 has 270 seconds left.
|
|t:|1729724610
|switch|p2a: Registeel|Registeel|59/100
|switch|p1a: Magneton|Magneton, shiny|100/100
|
|-heal|p2a: Registeel|65/100|[from] item: Leftovers
|upkeep
|turn|5
|inactive|promeathean0056 has 270 seconds left.
|
|t:|1729724632
|switch|p1a: Gyarados|Gyarados, M, shiny|100/100
|-ability|p1a: Gyarados|Intimidate|boost
|-fail|p2a: Registeel|unboost|[from] ability: Clear Body|[of] p2a: Registeel
|move|p2a: Registeel|Thunder Wave|p1a: Gyarados
|-status|p1a: Gyarados|par
|
|-heal|p2a: Registeel|71/100|[from] item: Leftovers
|upkeep
|turn|6
|inactive|tsukinomiko has 270 seconds left.
|inactive|tsukinomiko has 240 seconds left.
|
|t:|1729724698
|move|p2a: Registeel|Seismic Toss|p1a: Gyarados
|-damage|p1a: Gyarados|72/100 par
|move|p1a: Gyarados|Dragon Dance|p1a: Gyarados
|-boost|p1a: Gyarados|atk|1
|-boost|p1a: Gyarados|spe|1
|
|-heal|p2a: Registeel|77/100|[from] item: Leftovers
|-heal|p1a: Gyarados|78/100 par|[from] item: Leftovers
|upkeep
|turn|7
|inactive|promeathean0056 has 270 seconds left.
|inactive|tsukinomiko has 240 seconds left.
|inactive|tsukinomiko has 210 seconds left.
|
|t:|1729724750
|move|p1a: Gyarados|Dragon Dance|p1a: Gyarados
|-boost|p1a: Gyarados|atk|1
|-boost|p1a: Gyarados|spe|1
|move|p2a: Registeel|Counter|p1a: Gyarados
|
|-heal|p2a: Registeel|83/100|[from] item: Leftovers
|-heal|p1a: Gyarados|84/100 par|[from] item: Leftovers
|upkeep
|turn|8
|inactive|promeathean0056 has 270 seconds left.
|
|t:|1729724767
|move|p2a: Registeel|Explosion|p1a: Gyarados
|-damage|p1a: Gyarados|0 fnt
|faint|p2a: Registeel
|faint|p1a: Gyarados
|
|t:|1729724774
|switch|p1a: Tyranitar|Tyranitar, M|100/100
|switch|p2a: Milotic|Milotic, M|100/100
|-weather|Sandstorm|[from] ability: Sand Stream|[of] p1a: Tyranitar
|
|-weather|Sandstorm|[upkeep]
|-damage|p2a: Milotic|94/100|[from] Sandstorm
|-heal|p2a: Milotic|100/100|[from] item: Leftovers
|upkeep
|turn|9
|inactive|promeathean0056 has 270 seconds left.
|
|t:|1729724783
|switch|p1a: Muk|Muk, M|100/100
|move|p2a: Milotic|Surf|p1a: Muk
|-damage|p1a: Muk|78/100
|
|-weather|Sandstorm|[upkeep]
|-damage|p2a: Milotic|94/100|[from] Sandstorm
|-damage|p1a: Muk|71/100|[from] Sandstorm
|-heal|p2a: Milotic|100/100|[from] item: Leftovers
|-heal|p1a: Muk|78/100|[from] item: Leftovers
|upkeep
|turn|10
|inactive|promeathean0056 has 270 seconds left.
|
|t:|1729724794
|switch|p2a: Claydol|Claydol|100/100
|move|p1a: Muk|Curse|p1a: Muk
|-unboost|p1a: Muk|spe|1
|-boost|p1a: Muk|atk|1
|-boost|p1a: Muk|def|1
|
|-weather|Sandstorm|[upkeep]
|-damage|p1a: Muk|71/100|[from] Sandstorm
|-heal|p1a: Muk|78/100|[from] item: Leftovers
|upkeep
|turn|11
|inactive|promeathean0056 has 270 seconds left.
|
|t:|1729724816
|move|p2a: Claydol|Earthquake|p1a: Muk
|-supereffective|p1a: Muk
|-damage|p1a: Muk|27/100
|move|p1a: Muk|Curse|p1a: Muk
|-unboost|p1a: Muk|spe|1
|-boost|p1a: Muk|atk|1
|-boost|p1a: Muk|def|1
|
|-weather|Sandstorm|[upkeep]
|-damage|p1a: Muk|20/100|[from] Sandstorm
|-heal|p1a: Muk|27/100|[from] item: Leftovers
|upkeep
|turn|12
|inactive|tsukinomiko has 240 seconds left.
|
|t:|1729724836
|switch|p1a: Heracross|Heracross, M|100/100
|move|p2a: Claydol|Earthquake|p1a: Heracross
|-resisted|p1a: Heracross
|-damage|p1a: Heracross|73/100
|
|-weather|Sandstorm|[upkeep]
|-damage|p1a: Heracross|67/100|[from] Sandstorm
|upkeep
|turn|13
|
|t:|1729724845
|move|p1a: Heracross|Megahorn|p2a: Claydol
|-supereffective|p2a: Claydol
|-damage|p2a: Claydol|0 fnt
|faint|p2a: Claydol
|
|t:|1729724847
|switch|p2a: Dugtrio|Dugtrio, F|100/100
|
|-weather|Sandstorm|[upkeep]
|-damage|p1a: Heracross|61/100|[from] Sandstorm
|upkeep
|turn|14
|
|t:|1729724855
|move|p2a: Dugtrio|Aerial Ace|p1a: Heracross
|-supereffective|p1a: Heracross
|-crit|p1a: Heracross
|-damage|p1a: Heracross|0 fnt
|faint|p1a: Heracross
|
|t:|1729724875
|switch|p1a: Magneton|Magneton, shiny|100/100
|
|-weather|Sandstorm|[upkeep]
|upkeep
|turn|15
|
|t:|1729724889
|switch|p2a: Blissey|Blissey, F|100/100
|move|p1a: Magneton|Rain Dance|p1a: Magneton
|-weather|RainDance
|
|-weather|RainDance|[upkeep]
|upkeep
|turn|16
|
|t:|1729724897
|switch|p1a: Muk|Muk, M|27/100
|move|p2a: Blissey|Calm Mind|p2a: Blissey
|-boost|p2a: Blissey|spa|1
|-boost|p2a: Blissey|spd|1
|
|-weather|RainDance|[upkeep]
|-heal|p1a: Muk|33/100|[from] item: Leftovers
|upkeep
|turn|17
|
|t:|1729724905
|move|p2a: Blissey|Ice Beam|p1a: Muk
|-damage|p1a: Muk|8/100
|move|p1a: Muk|Explosion|p2a: Blissey
|-damage|p2a: Blissey|0 fnt
|faint|p1a: Muk
|faint|p2a: Blissey
|inactive|promeathean0056 has 270 seconds left.
|
|t:|1729724916
|switch|p2a: Dugtrio|Dugtrio, F|100/100
|switch|p1a: Tyranitar|Tyranitar, M|100/100
|-weather|Sandstorm|[from] ability: Sand Stream|[of] p1a: Tyranitar
|
|-weather|Sandstorm|[upkeep]
|upkeep
|turn|18
|inactive|promeathean0056 has 270 seconds left.
|
|t:|1729724923
|switch|p2a: Milotic|Milotic, M|100/100
|move|p1a: Tyranitar|Ice Beam|p2a: Milotic
|-resisted|p2a: Milotic
|-damage|p2a: Milotic|90/100
|
|-weather|Sandstorm|[upkeep]
|-damage|p2a: Milotic|84/100|[from] Sandstorm
|-heal|p2a: Milotic|90/100|[from] item: Leftovers
|upkeep
|turn|19
|inactive|promeathean0056 has 270 seconds left.
|
|t:|1729724935
|move|p2a: Milotic|Surf|p1a: Tyranitar
|-supereffective|p1a: Tyranitar
|-damage|p1a: Tyranitar|45/100
|move|p1a: Tyranitar|Crunch|p2a: Milotic
|-damage|p2a: Milotic|62/100
|
|-weather|Sandstorm|[upkeep]
|-damage|p2a: Milotic|56/100|[from] Sandstorm
|-heal|p2a: Milotic|62/100|[from] item: Leftovers
|-heal|p1a: Tyranitar|51/100|[from] item: Leftovers
|upkeep
|turn|20
|
|t:|1729724945
|switch|p1a: Magneton|Magneton, shiny|100/100
|move|p2a: Milotic|Surf|p1a: Magneton
|-damage|p1a: Magneton|36/100
|
|-weather|Sandstorm|[upkeep]
|-damage|p2a: Milotic|56/100|[from] Sandstorm
|-heal|p2a: Milotic|62/100|[from] item: Leftovers
|upkeep
|turn|21
|
|t:|1729724952
|move|p1a: Magneton|Hidden Power|p2a: Milotic
|-supereffective|p2a: Milotic
|-damage|p2a: Milotic|25/100
|move|p2a: Milotic|Surf|p1a: Magneton
|-damage|p1a: Magneton|0 fnt
|faint|p1a: Magneton
|
|t:|1729724959
|switch|p1a: Tyranitar|Tyranitar, M|51/100
|
|-weather|Sandstorm|[upkeep]
|-damage|p2a: Milotic|19/100|[from] Sandstorm
|-heal|p2a: Milotic|25/100|[from] item: Leftovers
|-heal|p1a: Tyranitar|57/100|[from] item: Leftovers
|upkeep
|turn|22
|
|t:|1729724973
|move|p2a: Milotic|Surf|p1a: Tyranitar
|-supereffective|p1a: Tyranitar
|-damage|p1a: Tyranitar|2/100
|move|p1a: Tyranitar|Crunch|p2a: Milotic
|-damage|p2a: Milotic|0 fnt
|faint|p2a: Milotic
|c|☆promeathean0056|gg
|
|t:|1729724989
|switch|p2a: Dugtrio|Dugtrio, F|100/100
|
|-weather|Sandstorm|[upkeep]
|-heal|p1a: Tyranitar|8/100|[from] item: Leftovers
|upkeep
|turn|23
|
|t:|1729724995
|move|p2a: Dugtrio|Earthquake|p1a: Tyranitar
|-supereffective|p1a: Tyranitar
|-damage|p1a: Tyranitar|0 fnt
|faint|p1a: Tyranitar
|
|win|tsukinomiko

</script>
<script type="application/json" class="data" id="replaydata-smogtours-gen3ou-801469">
{"id":"smogtours-gen3ou-801469","format":"[Gen 3] OU","players":["promeathean0056","tsukinomiko"],"uploadtime":1729724995,"views":97,"formatid":"gen3ou","rating":null,"private":0,"password":null}
</script>

<script defer src="js/replays.js?9d40a366"></script>
