<!DOCTYPE html>
<meta charset="utf-8" />
<meta name="viewport" content="width=device-width" />

<title>[Gen 3] OU: FunkyCop1998 vs. shadowtime2000 - Replays - Pok&eacute;mon Showdown!</title>

<meta name="description" content="Watch a replay of a Pok&eacute;mon battle between FunkyCop1998 and shadowtime2000! Format: [Gen 3] OU; Date: Oct 20, 2024" />
<!--

Hey, you! Looking in the source for the replay log?

You can find them in JSON format, just add `.json` at the end of a replay URL.

https://replay.pokemonshowdown.com/gen7randomdoublesbattle-865046831.json

Or, if you only need the log itself, add `.log` instead:

https://replay.pokemonshowdown.com/gen7randomdoublesbattle-865046831.log

-->

<link rel="stylesheet" href="//pokemonshowdown.com/style/global.css?0.023195364461161105" />
<link rel="stylesheet" href="//play.pokemonshowdown.com/style/font-awesome.css?0.13261647063804238" />
<link rel="stylesheet" href="//play.pokemonshowdown.com/style/battle.css?0.8753245789963631" />
<link rel="stylesheet" href="//play.pokemonshowdown.com/style/utilichart.css?0.8627959624976733" />

<!-- Global site tag (gtag.js) - Google Analytics -->
<script async src="https://www.googletagmanager.com/gtag/js?id=UA-26211653-1"></script>
<script>
  window.dataLayer = window.dataLayer || [];
  function gtag(){dataLayer.push(arguments);}
  gtag('js', new Date());

  gtag('config', 'UA-26211653-1');
</script>
<!-- End Google Analytics -->
<!-- Venatus Ad Manager - Install in <HEAD> of page -->
	<script src="https://hb.vntsm.com/v3/live/ad-manager.min.js" type="text/javascript" data-site-id="642aba63ec9a7b11c3c9c1be" data-mode="scan" async></script>
<!-- / Venatus Ad Manager -->

<style>
	@media (max-width:820px) {
		.battle {
			margin: 0 auto;
		}
		.battle-log {
			margin: 7px auto 0;
			max-width: 640px;
			height: 300px;
			position: static;
		}
	}
	.optgroup {
		display: inline-block;
		line-height: 22px;
		font-size: 10pt;
	}
	.optgroup .button {
		height: 25px;
		padding-top: 0;
		padding-bottom: 0;
	}
	.optgroup button.button {
		padding-left: 12px;
		padding-right: 12px;
	}
	.linklist {
		list-style: none;
		margin: 0.5em 0;
		padding: 0;
	}
	.linklist li {
		padding: 2px 0;
	}
	.sidebar {
		float: left;
		width: 320px;
	}
	.bar-wrapper {
		max-width: 1100px;
		margin: 0 auto;
	}
	.bar-wrapper.has-sidebar {
		max-width: 1430px;
	}
	.mainbar {
		margin: 0;
		padding-right: 1px;
	}
	.mainbar.has-sidebar {
		margin-left: 330px;
	}
	@media (min-width: 1511px) {
		.sidebar {
			width: 400px;
		}
		.bar-wrapper.has-sidebar {
			max-width: 1510px;
		}
		.mainbar.has-sidebar {
			margin-left: 410px;
		}
	}
	.section.first-section {
		margin-top: 9px;
	}
	.blocklink small {
		white-space: normal;
	}
	.button {
		vertical-align: middle;
	}
	.replay-controls {
		padding-top: 10px;
	}
	.replay-controls h1 {
		font-size: 16pt;
		font-weight: normal;
		color: #CCC;
	}
	.pagelink {
		text-align: center;
	}
	.pagelink a {
		width: 150px;
	}
	.textbox, .button {
		font-size: 11pt;
		vertical-align: middle;
	}
	@media (max-width: 450px) {
		.button {
			font-size: 9pt;
		}
	}
</style>

<div>

	<header>
		<div class="nav-wrapper"><ul class="nav">
			<li><a class="button nav-first" href="//pokemonshowdown.com/"><img src="//pokemonshowdown.com/images/pokemonshowdownbeta.png" srcset="//pokemonshowdown.com/images/pokemonshowdownbeta.png 1x, //pokemonshowdown.com/images/pokemonshowdownbeta@2x.png 2x" alt="Pok&eacute;mon Showdown" width="146" height="44" /> Home</a></li>
			<li><a class="button" href="//pokemonshowdown.com/dex/">Pok&eacute;dex</a></li>
			<li><a class="button cur" href="/">Replays</a></li>
			<li><a class="button" href="//pokemonshowdown.com/ladder/">Ladder</a></li>
			<li><a class="button nav-last" href="//pokemonshowdown.com/forums/">Forum</a></li>
			<li><a class="button greenbutton nav-first nav-last" href="//play.pokemonshowdown.com/">Play</a></li>
		</ul></div>
	</header>

	<div class="main" id="main">

		<noscript><section class="section">You need to enable JavaScript to use this page; sorry!</section></noscript>

	</div>

</div>

<script defer nomodule src="//play.pokemonshowdown.com/js/lib/ps-polyfill.js"></script>
<script defer src="//play.pokemonshowdown.com/js/lib/preact.min.js"></script>

<script defer src="//play.pokemonshowdown.com/config/config.js?2bddbc15"></script>
<script defer src="//play.pokemonshowdown.com/js/lib/jquery-1.11.0.min.js"></script>
<script defer src="//play.pokemonshowdown.com/js/lib/html-sanitizer-minified.js"></script>
<script defer src="//play.pokemonshowdown.com/js/battle-sound.js"></script>
<script defer src="//play.pokemonshowdown.com/js/battledata.js?0.7209276989879541"></script>
<script defer src="//play.pokemonshowdown.com/data/pokedex-mini.js?0.6111056340867951"></script>
<script defer src="//play.pokemonshowdown.com/data/pokedex-mini-bw.js?0.3532142036491459"></script>
<script defer src="//play.pokemonshowdown.com/data/graphics.js?0.24223875632456182"></script>
<script defer src="//play.pokemonshowdown.com/data/pokedex.js?0.38839984266356864"></script>
<script defer src="//play.pokemonshowdown.com/data/moves.js?0.21866028504024015"></script>
<script defer src="//play.pokemonshowdown.com/data/abilities.js?0.2005157953846628"></script>
<script defer src="//play.pokemonshowdown.com/data/items.js?0.9894211263848525"></script>
<script defer src="//play.pokemonshowdown.com/data/teambuilder-tables.js?0.6008791140282215"></script>
<script defer src="//play.pokemonshowdown.com/js/battle-tooltips.js?0.7580118955022959"></script>
<script defer src="//play.pokemonshowdown.com/js/battle.js?0.6057722274234274"></script>

<script defer src="js/utils.js?e31f9a17"></script>
<script defer src="js/replays-battle.js?7008c182"></script>

<!-- don't scrape this data! just add .json or .log after the URL!
Full API docs: https://github.com/smogon/pokemon-showdown-client/blob/master/WEB-API.md -->
<script type="text/plain" class="log" id="replaylog-gen3ou-2227185966-rqr61rbbuinp8uc52g2t8xd3j79x32mpw">
|j|☆FunkyCop1998
|j|‽shadowtime2000
|t:|1729455236
|gametype|singles
|player|p1|FunkyCop1998|169|
|player|p2|shadowtime2000|170|
|teamsize|p1|6
|teamsize|p2|6
|gen|3
|tier|[Gen 3] OU
|rule|Sleep Clause Mod: Limit one foe put to sleep
|rule|Switch Priority Clause Mod: Faster Pokémon switch first
|rule|Species Clause: Limit one of each Pokémon
|rule|OHKO Clause: OHKO moves are banned
|rule|Evasion Items Clause: Evasion items are banned
|rule|Evasion Moves Clause: Evasion moves are banned
|rule|Endless Battle Clause: Forcing endless battles is banned
|rule|HP Percentage Mod: HP is shown in percentages
|rule|One Boost Passer Clause: Limit one Baton Passer that has a way to boost its stats
|rule|Freeze Clause Mod: Limit one foe frozen
|
|t:|1729455236
|start
|switch|p1a: Metagross|Metagross|100/100
|switch|p2a: Zapdos|Zapdos|100/100
|turn|1
|inactive|Battle timer is ON: inactive players will automatically lose when time's up. (requested by shadowtime2000)
|
|t:|1729455246
|switch|p1a: Camerupt|Camerupt, M|100/100
|move|p2a: Zapdos|Substitute|p2a: Zapdos
|-start|p2a: Zapdos|Substitute
|-damage|p2a: Zapdos|76/100
|
|-heal|p2a: Zapdos|82/100|[from] item: Leftovers
|upkeep
|turn|2
|
|t:|1729455258
|move|p2a: Zapdos|Baton Pass|p2a: Zapdos
|
|t:|1729455262
|switch|p2a: Breloom|Breloom, M|100/100|[from] Baton Pass
|move|p1a: Camerupt|Fire Blast|p2a: Breloom
|-supereffective|p2a: Breloom
|-end|p2a: Breloom|Substitute
|
|upkeep
|turn|3
|inactive|FunkyCop1998 has 270 seconds left.
|
|t:|1729455294
|switch|p1a: Porygon2|Porygon2|100/100
|-ability|p1a: Porygon2|Effect Spore|[from] ability: Trace|[of] p2a: Breloom
|move|p2a: Breloom|Spore|p1a: Porygon2
|-status|p1a: Porygon2|slp|[from] move: Spore
|
|upkeep
|turn|4
|
|t:|1729455303
|switch|p2a: Tyranitar|Tyranitar, M|100/100
|-weather|Sandstorm|[from] ability: Sand Stream|[of] p2a: Tyranitar
|switch|p1a: Gyarados|Gyarados, F|100/100
|-ability|p1a: Gyarados|Intimidate|boost
|-unboost|p2a: Tyranitar|atk|1
|
|-weather|Sandstorm|[upkeep]
|-damage|p1a: Gyarados|94/100|[from] Sandstorm
|-heal|p1a: Gyarados|100/100|[from] item: Leftovers
|upkeep
|turn|5
|
|t:|1729455318
|switch|p1a: Metagross|Metagross|100/100
|move|p2a: Tyranitar|Crunch|p1a: Metagross
|-damage|p1a: Metagross|57/100
|
|-weather|Sandstorm|[upkeep]
|-heal|p1a: Metagross|63/100|[from] item: Leftovers
|upkeep
|turn|6
|
|t:|1729455340
|switch|p2a: Metagross|Metagross|100/100
|move|p1a: Metagross|Meteor Mash|p2a: Metagross|[miss]
|-miss|p1a: Metagross|p2a: Metagross
|
|-weather|Sandstorm|[upkeep]
|-heal|p1a: Metagross|69/100|[from] item: Leftovers
|upkeep
|turn|7
|
|t:|1729455352
|move|p1a: Metagross|Protect|p1a: Metagross
|-singleturn|p1a: Metagross|Protect
|move|p2a: Metagross|Earthquake|p1a: Metagross
|-activate|p1a: Metagross|Protect
|
|-weather|Sandstorm|[upkeep]
|-heal|p1a: Metagross|75/100|[from] item: Leftovers
|upkeep
|turn|8
|
|t:|1729455366
|switch|p1a: Celebi|Celebi|100/100
|move|p2a: Metagross|Agility|p2a: Metagross
|-boost|p2a: Metagross|spe|2
|
|-weather|Sandstorm|[upkeep]
|-damage|p1a: Celebi|94/100|[from] Sandstorm
|-heal|p1a: Celebi|100/100|[from] item: Leftovers
|upkeep
|turn|9
|
|t:|1729455377
|switch|p1a: Metagross|Metagross|75/100
|move|p2a: Metagross|Meteor Mash|p1a: Metagross
|-resisted|p1a: Metagross
|-damage|p1a: Metagross|57/100
|
|-weather|Sandstorm|[upkeep]
|-heal|p1a: Metagross|63/100|[from] item: Leftovers
|upkeep
|turn|10
|
|t:|1729455383
|move|p2a: Metagross|Earthquake|p1a: Metagross
|-supereffective|p1a: Metagross
|-damage|p1a: Metagross|21/100
|move|p1a: Metagross|Earthquake|p2a: Metagross
|-supereffective|p2a: Metagross
|-damage|p2a: Metagross|48/100
|
|-weather|Sandstorm|[upkeep]
|-heal|p2a: Metagross|54/100|[from] item: Leftovers
|-heal|p1a: Metagross|27/100|[from] item: Leftovers
|upkeep
|turn|11
|
|t:|1729455386
|move|p2a: Metagross|Earthquake|p1a: Metagross
|-supereffective|p1a: Metagross
|-damage|p1a: Metagross|0 fnt
|faint|p1a: Metagross
|
|t:|1729455399
|switch|p1a: Gyarados|Gyarados, F|100/100
|-ability|p1a: Gyarados|Intimidate|boost
|-fail|p2a: Metagross|unboost|[from] ability: Clear Body|[of] p2a: Metagross
|
|-weather|Sandstorm|[upkeep]
|-damage|p1a: Gyarados|94/100|[from] Sandstorm
|-heal|p2a: Metagross|60/100|[from] item: Leftovers
|-heal|p1a: Gyarados|100/100|[from] item: Leftovers
|upkeep
|turn|12
|
|t:|1729455403
|move|p2a: Metagross|Rock Slide|p1a: Gyarados
|-supereffective|p1a: Gyarados
|-damage|p1a: Gyarados|38/100
|cant|p1a: Gyarados|flinch
|
|-weather|Sandstorm|[upkeep]
|-damage|p1a: Gyarados|32/100|[from] Sandstorm
|-heal|p2a: Metagross|66/100|[from] item: Leftovers
|-heal|p1a: Gyarados|38/100|[from] item: Leftovers
|upkeep
|turn|13
|
|t:|1729455408
|move|p2a: Metagross|Rock Slide|p1a: Gyarados|[miss]
|-miss|p2a: Metagross|p1a: Gyarados
|move|p1a: Gyarados|Earthquake|p2a: Metagross
|-supereffective|p2a: Metagross
|-damage|p2a: Metagross|2/100
|
|-weather|Sandstorm|[upkeep]
|-damage|p1a: Gyarados|32/100|[from] Sandstorm
|-heal|p2a: Metagross|8/100|[from] item: Leftovers
|-heal|p1a: Gyarados|38/100|[from] item: Leftovers
|upkeep
|turn|14
|
|t:|1729455411
|move|p2a: Metagross|Rock Slide|p1a: Gyarados
|-supereffective|p1a: Gyarados
|-damage|p1a: Gyarados|0 fnt
|faint|p1a: Gyarados
|
|t:|1729455416
|switch|p1a: Camerupt|Camerupt, M|100/100
|
|-weather|Sandstorm|[upkeep]
|-heal|p2a: Metagross|14/100|[from] item: Leftovers
|upkeep
|turn|15
|
|t:|1729455418
|move|p2a: Metagross|Earthquake|p1a: Camerupt
|-supereffective|p1a: Camerupt
|-damage|p1a: Camerupt|0 fnt
|faint|p1a: Camerupt
|
|t:|1729455420
|switch|p1a: Porygon2|Porygon2|100/100 slp
|-ability|p1a: Porygon2|Clear Body|[from] ability: Trace|[of] p2a: Metagross
|
|-weather|Sandstorm|[upkeep]
|-damage|p1a: Porygon2|94/100 slp|[from] Sandstorm
|-heal|p2a: Metagross|20/100|[from] item: Leftovers
|-heal|p1a: Porygon2|100/100 slp|[from] item: Leftovers
|upkeep
|turn|16
|
|t:|1729455423
|move|p2a: Metagross|Meteor Mash|p1a: Porygon2
|-damage|p1a: Porygon2|62/100 slp
|cant|p1a: Porygon2|slp
|
|-weather|Sandstorm|[upkeep]
|-damage|p1a: Porygon2|56/100 slp|[from] Sandstorm
|-heal|p2a: Metagross|26/100|[from] item: Leftovers
|-heal|p1a: Porygon2|62/100 slp|[from] item: Leftovers
|upkeep
|turn|17
|
|t:|1729455424
|move|p2a: Metagross|Meteor Mash|p1a: Porygon2
|-damage|p1a: Porygon2|22/100 slp
|cant|p1a: Porygon2|slp
|
|-weather|Sandstorm|[upkeep]
|-damage|p1a: Porygon2|16/100 slp|[from] Sandstorm
|-heal|p2a: Metagross|32/100|[from] item: Leftovers
|-heal|p1a: Porygon2|22/100 slp|[from] item: Leftovers
|upkeep
|turn|18
|
|t:|1729455427
|move|p2a: Metagross|Earthquake|p1a: Porygon2
|-damage|p1a: Porygon2|0 fnt
|faint|p1a: Porygon2
|
|t:|1729455429
|switch|p1a: Magneton|Magneton|100/100
|
|-weather|Sandstorm|[upkeep]
|-heal|p2a: Metagross|38/100|[from] item: Leftovers
|upkeep
|turn|19
|
|t:|1729455430
|move|p2a: Metagross|Earthquake|p1a: Magneton
|-supereffective|p1a: Magneton
|-crit|p1a: Magneton
|-damage|p1a: Magneton|0 fnt
|faint|p1a: Magneton
|
|t:|1729455432
|switch|p1a: Celebi|Celebi|100/100
|
|-weather|Sandstorm|[upkeep]
|-damage|p1a: Celebi|94/100|[from] Sandstorm
|-heal|p2a: Metagross|44/100|[from] item: Leftovers
|-heal|p1a: Celebi|100/100|[from] item: Leftovers
|upkeep
|turn|20
|
|t:|1729455433
|move|p2a: Metagross|Meteor Mash|p1a: Celebi
|-damage|p1a: Celebi|60/100
|move|p1a: Celebi|Recover|p1a: Celebi
|-heal|p1a: Celebi|100/100
|
|-weather|Sandstorm|[upkeep]
|-damage|p1a: Celebi|94/100|[from] Sandstorm
|-heal|p2a: Metagross|50/100|[from] item: Leftovers
|-heal|p1a: Celebi|100/100|[from] item: Leftovers
|upkeep
|turn|21
|
|t:|1729455435
|move|p2a: Metagross|Meteor Mash|p1a: Celebi
|-damage|p1a: Celebi|59/100
|move|p1a: Celebi|Recover|p1a: Celebi
|-heal|p1a: Celebi|100/100
|
|-weather|Sandstorm|[upkeep]
|-damage|p1a: Celebi|94/100|[from] Sandstorm
|-heal|p2a: Metagross|56/100|[from] item: Leftovers
|-heal|p1a: Celebi|100/100|[from] item: Leftovers
|upkeep
|turn|22
|
|t:|1729455437
|move|p2a: Metagross|Meteor Mash|p1a: Celebi
|-damage|p1a: Celebi|60/100
|move|p1a: Celebi|Recover|p1a: Celebi
|-heal|p1a: Celebi|100/100
|
|-weather|Sandstorm|[upkeep]
|-damage|p1a: Celebi|94/100|[from] Sandstorm
|-heal|p2a: Metagross|62/100|[from] item: Leftovers
|-heal|p1a: Celebi|100/100|[from] item: Leftovers
|upkeep
|turn|23
|
|t:|1729455440
|move|p2a: Metagross|Meteor Mash|p1a: Celebi
|-damage|p1a: Celebi|63/100
|move|p1a: Celebi|Calm Mind|p1a: Celebi
|-boost|p1a: Celebi|spa|1
|-boost|p1a: Celebi|spd|1
|
|-weather|Sandstorm|[upkeep]
|-damage|p1a: Celebi|57/100|[from] Sandstorm
|-heal|p2a: Metagross|68/100|[from] item: Leftovers
|-heal|p1a: Celebi|63/100|[from] item: Leftovers
|upkeep
|turn|24
|
|t:|1729455443
|move|p2a: Metagross|Meteor Mash|p1a: Celebi
|-damage|p1a: Celebi|21/100
|move|p1a: Celebi|Recover|p1a: Celebi
|-heal|p1a: Celebi|71/100
|
|-weather|Sandstorm|[upkeep]
|-damage|p1a: Celebi|65/100|[from] Sandstorm
|-heal|p2a: Metagross|74/100|[from] item: Leftovers
|-heal|p1a: Celebi|71/100|[from] item: Leftovers
|upkeep
|turn|25
|
|t:|1729455444
|move|p2a: Metagross|Meteor Mash|p1a: Celebi
|-damage|p1a: Celebi|30/100
|move|p1a: Celebi|Calm Mind|p1a: Celebi
|-boost|p1a: Celebi|spa|1
|-boost|p1a: Celebi|spd|1
|
|-weather|Sandstorm|[upkeep]
|-damage|p1a: Celebi|24/100|[from] Sandstorm
|-heal|p2a: Metagross|80/100|[from] item: Leftovers
|-heal|p1a: Celebi|30/100|[from] item: Leftovers
|upkeep
|turn|26
|
|t:|1729455452
|move|p2a: Metagross|Meteor Mash|p1a: Celebi
|-damage|p1a: Celebi|0 fnt
|faint|p1a: Celebi
|
|win|shadowtime2000
|c|‽shadowtime2000|/log shadowtime2000 hid the replay of this battle.
|c|☆FunkyCop1998|gg

</script>
<script type="application/json" class="data" id="replaydata-gen3ou-2227185966-rqr61rbbuinp8uc52g2t8xd3j79x32mpw">
{"id":"gen3ou-2227185966","format":"[Gen 3] OU","players":["FunkyCop1998","shadowtime2000"],"uploadtime":1729455456,"views":65,"formatid":"gen3ou","rating":null,"private":1,"password":"rqr61rbbuinp8uc52g2t8xd3j79x32m"}
</script>

<script defer src="js/replays.js?9d40a366"></script>
