<!DOCTYPE html>
<meta charset="utf-8" />
<meta name="viewport" content="width=device-width" />

<title>[Gen 3] OU: RevivalTyp vs. beignet2 - Replays - Pok&eacute;mon Showdown!</title>

<meta name="description" content="Watch a replay of a Pok&eacute;mon battle between RevivalTyp and beignet2! Format: [Gen 3] OU; Date: Oct 18, 2024" />
<!--

Hey, you! Looking in the source for the replay log?

You can find them in JSON format, just add `.json` at the end of a replay URL.

https://replay.pokemonshowdown.com/gen7randomdoublesbattle-865046831.json

Or, if you only need the log itself, add `.log` instead:

https://replay.pokemonshowdown.com/gen7randomdoublesbattle-865046831.log

-->

<link rel="stylesheet" href="//pokemonshowdown.com/style/global.css?0.767286132409787" />
<link rel="stylesheet" href="//play.pokemonshowdown.com/style/font-awesome.css?0.9266228007934947" />
<link rel="stylesheet" href="//play.pokemonshowdown.com/style/battle.css?0.7924700842790926" />
<link rel="stylesheet" href="//play.pokemonshowdown.com/style/utilichart.css?0.8777417872839479" />

<!-- Global site tag (gtag.js) - Google Analytics -->
<script async src="https://www.googletagmanager.com/gtag/js?id=UA-26211653-1"></script>
<script>
  window.dataLayer = window.dataLayer || [];
  function gtag(){dataLayer.push(arguments);}
  gtag('js', new Date());

  gtag('config', 'UA-26211653-1');
</script>
<!-- End Google Analytics -->
<!-- Venatus Ad Manager - Install in <HEAD> of page -->
	<script src="https://hb.vntsm.com/v3/live/ad-manager.min.js" type="text/javascript" data-site-id="642aba63ec9a7b11c3c9c1be" data-mode="scan" async></script>
<!-- / Venatus Ad Manager -->

<style>
	@media (max-width:820px) {
		.battle {
			margin: 0 auto;
		}
		.battle-log {
			margin: 7px auto 0;
			max-width: 640px;
			height: 300px;
			position: static;
		}
	}
	.optgroup {
		display: inline-block;
		line-height: 22px;
		font-size: 10pt;
	}
	.optgroup .button {
		height: 25px;
		padding-top: 0;
		padding-bottom: 0;
	}
	.optgroup button.button {
		padding-left: 12px;
		padding-right: 12px;
	}
	.linklist {
		list-style: none;
		margin: 0.5em 0;
		padding: 0;
	}
	.linklist li {
		padding: 2px 0;
	}
	.sidebar {
		float: left;
		width: 320px;
	}
	.bar-wrapper {
		max-width: 1100px;
		margin: 0 auto;
	}
	.bar-wrapper.has-sidebar {
		max-width: 1430px;
	}
	.mainbar {
		margin: 0;
		padding-right: 1px;
	}
	.mainbar.has-sidebar {
		margin-left: 330px;
	}
	@media (min-width: 1511px) {
		.sidebar {
			width: 400px;
		}
		.bar-wrapper.has-sidebar {
			max-width: 1510px;
		}
		.mainbar.has-sidebar {
			margin-left: 410px;
		}
	}
	.section.first-section {
		margin-top: 9px;
	}
	.blocklink small {
		white-space: normal;
	}
	.button {
		vertical-align: middle;
	}
	.replay-controls {
		padding-top: 10px;
	}
	.replay-controls h1 {
		font-size: 16pt;
		font-weight: normal;
		color: #CCC;
	}
	.pagelink {
		text-align: center;
	}
	.pagelink a {
		width: 150px;
	}
	.textbox, .button {
		font-size: 11pt;
		vertical-align: middle;
	}
	@media (max-width: 450px) {
		.button {
			font-size: 9pt;
		}
	}
</style>

<div>

	<header>
		<div class="nav-wrapper"><ul class="nav">
			<li><a class="button nav-first" href="//pokemonshowdown.com/"><img src="//pokemonshowdown.com/images/pokemonshowdownbeta.png" srcset="//pokemonshowdown.com/images/pokemonshowdownbeta.png 1x, //pokemonshowdown.com/images/pokemonshowdownbeta@2x.png 2x" alt="Pok&eacute;mon Showdown" width="146" height="44" /> Home</a></li>
			<li><a class="button" href="//pokemonshowdown.com/dex/">Pok&eacute;dex</a></li>
			<li><a class="button cur" href="/">Replays</a></li>
			<li><a class="button" href="//pokemonshowdown.com/ladder/">Ladder</a></li>
			<li><a class="button nav-last" href="//pokemonshowdown.com/forums/">Forum</a></li>
			<li><a class="button greenbutton nav-first nav-last" href="//play.pokemonshowdown.com/">Play</a></li>
		</ul></div>
	</header>

	<div class="main" id="main">

		<noscript><section class="section">You need to enable JavaScript to use this page; sorry!</section></noscript>

	</div>

</div>

<script defer nomodule src="//play.pokemonshowdown.com/js/lib/ps-polyfill.js"></script>
<script defer src="//play.pokemonshowdown.com/js/lib/preact.min.js"></script>

<script defer src="//play.pokemonshowdown.com/config/config.js?6dec07f6"></script>
<script defer src="//play.pokemonshowdown.com/js/lib/jquery-1.11.0.min.js"></script>
<script defer src="//play.pokemonshowdown.com/js/lib/html-sanitizer-minified.js"></script>
<script defer src="//play.pokemonshowdown.com/js/battle-sound.js"></script>
<script defer src="//play.pokemonshowdown.com/js/battledata.js?0.6315294753075389"></script>
<script defer src="//play.pokemonshowdown.com/data/pokedex-mini.js?0.7603743185311358"></script>
<script defer src="//play.pokemonshowdown.com/data/pokedex-mini-bw.js?0.030888842834281283"></script>
<script defer src="//play.pokemonshowdown.com/data/graphics.js?0.05593094747507488"></script>
<script defer src="//play.pokemonshowdown.com/data/pokedex.js?0.47064822249611904"></script>
<script defer src="//play.pokemonshowdown.com/data/moves.js?0.8583693120512459"></script>
<script defer src="//play.pokemonshowdown.com/data/abilities.js?0.16017181182386842"></script>
<script defer src="//play.pokemonshowdown.com/data/items.js?0.4163379185673943"></script>
<script defer src="//play.pokemonshowdown.com/data/teambuilder-tables.js?0.31075597372830477"></script>
<script defer src="//play.pokemonshowdown.com/js/battle-tooltips.js?0.6536193500708172"></script>
<script defer src="//play.pokemonshowdown.com/js/battle.js?0.1916591943277901"></script>

<script defer src="js/utils.js?e31f9a17"></script>
<script defer src="js/replays-battle.js?7008c182"></script>

<!-- don't scrape this data! just add .json or .log after the URL!
Full API docs: https://github.com/smogon/pokemon-showdown-client/blob/master/WEB-API.md -->
<script type="text/plain" class="log" id="replaylog-smogtours-gen3ou-799504">
|inactive|Battle timer is ON: inactive players will automatically lose when time's up.
|t:|1729260263
|gametype|singles
|player|p1|RevivalTyp|102|
|player|p2|beignet2|blue-gen3two|
|teamsize|p1|6
|teamsize|p2|6
|gen|3
|tier|[Gen 3] OU
|rule|Sleep Clause Mod: Limit one foe put to sleep
|rule|Switch Priority Clause Mod: Faster Pokémon switch first
|rule|Species Clause: Limit one of each Pokémon
|rule|OHKO Clause: OHKO moves are banned
|rule|Evasion Items Clause: Evasion items are banned
|rule|Evasion Moves Clause: Evasion moves are banned
|rule|Endless Battle Clause: Forcing endless battles is banned
|rule|HP Percentage Mod: HP is shown in percentages
|rule|One Boost Passer Clause: Limit one Baton Passer that has a way to boost its stats
|rule|Freeze Clause Mod: Limit one foe frozen
|
|t:|1729260263
|start
|switch|p1a: Metagross|Metagross|100/100
|switch|p2a: ButtonClickerJones|Metagross|100/100
|turn|1
|
|t:|1729260269
|switch|p2a: Harmory|Skarmory, F|100/100
|move|p1a: Metagross|Explosion|p2a: Harmory
|-resisted|p2a: Harmory
|-damage|p2a: Harmory|0 fnt
|faint|p1a: Metagross
|faint|p2a: Harmory
|
|t:|1729260279
|switch|p1a: Snorlax|Snorlax, F|100/100
|switch|p2a: Naptime|Breloom, M|100/100
|
|upkeep
|turn|2
|
|t:|1729260298
|move|p2a: Naptime|Spore|p1a: Snorlax
|-status|p1a: Snorlax|slp|[from] move: Spore
|cant|p1a: Snorlax|slp
|
|upkeep
|turn|3
|
|t:|1729260307
|-singleturn|p2a: Naptime|move: Focus Punch
|switch|p1a: Gengar|Gengar, M|100/100
|move|p2a: Naptime|Focus Punch|p1a: Gengar
|-immune|p1a: Gengar
|
|upkeep
|turn|4
|
|t:|1729260316
|switch|p2a: Bad Dog|Houndoom, F|100/100
|move|p1a: Gengar|Ice Punch|p2a: Bad Dog
|-resisted|p2a: Bad Dog
|-damage|p2a: Bad Dog|83/100
|-status|p2a: Bad Dog|frz
|
|-heal|p2a: Bad Dog|90/100 frz|[from] item: Leftovers
|upkeep
|turn|5
|
|t:|1729260330
|switch|p1a: Claydol|Claydol|100/100
|cant|p2a: Bad Dog|frz
|
|-heal|p2a: Bad Dog|96/100 frz|[from] item: Leftovers
|upkeep
|turn|6
|
|t:|1729260339
|switch|p2a: Clever Nickname|Gengar, F|100/100
|move|p1a: Claydol|Earthquake|p2a: Clever Nickname
|-immune|p2a: Clever Nickname
|
|upkeep
|turn|7
|
|t:|1729260345
|move|p2a: Clever Nickname|Ice Punch|p1a: Claydol
|-supereffective|p1a: Claydol
|-damage|p1a: Claydol|55/100
|move|p1a: Claydol|Psychic|p2a: Clever Nickname
|-supereffective|p2a: Clever Nickname
|-damage|p2a: Clever Nickname|22/100
|
|-heal|p2a: Clever Nickname|28/100|[from] item: Leftovers
|-heal|p1a: Claydol|61/100|[from] item: Leftovers
|upkeep
|turn|8
|
|t:|1729260358
|switch|p1a: Gengar|Gengar, M|100/100
|move|p2a: Clever Nickname|Ice Punch|p1a: Gengar
|-damage|p1a: Gengar|60/100
|
|-heal|p2a: Clever Nickname|35/100|[from] item: Leftovers
|-heal|p1a: Gengar|66/100|[from] item: Leftovers
|upkeep
|turn|9
|
|t:|1729260369
|move|p2a: Clever Nickname|Thunderbolt|p1a: Gengar
|-damage|p1a: Gengar|15/100
|move|p1a: Gengar|Thunderbolt|p2a: Clever Nickname
|-damage|p2a: Clever Nickname|0 fnt
|faint|p2a: Clever Nickname
|
|t:|1729260372
|switch|p2a: Bad Dog|Houndoom, F|96/100 frz
|
|-heal|p1a: Gengar|21/100|[from] item: Leftovers
|-heal|p2a: Bad Dog|100/100 frz|[from] item: Leftovers
|upkeep
|turn|10
|
|t:|1729260383
|move|p1a: Gengar|Thunderbolt|p2a: Bad Dog
|-damage|p2a: Bad Dog|54/100 frz
|-curestatus|p2a: Bad Dog|frz|[msg]
|move|p2a: Bad Dog|Crunch|p1a: Gengar
|-supereffective|p1a: Gengar
|-damage|p1a: Gengar|0 fnt
|faint|p1a: Gengar
|
|t:|1729260393
|switch|p1a: Aerodactyl|Aerodactyl, M|100/100
|
|-heal|p2a: Bad Dog|60/100|[from] item: Leftovers
|upkeep
|turn|11
|
|t:|1729260399
|switch|p2a: Over Easy|Blissey, F|100/100
|move|p1a: Aerodactyl|Earthquake|p2a: Over Easy
|-damage|p2a: Over Easy|55/100
|
|-heal|p2a: Over Easy|61/100|[from] item: Leftovers
|upkeep
|turn|12
|
|t:|1729260416
|switch|p1a: Forretress|Forretress, F|100/100
|move|p2a: Over Easy|Ice Beam|p1a: Forretress
|-resisted|p1a: Forretress
|-damage|p1a: Forretress|88/100
|
|-heal|p2a: Over Easy|67/100|[from] item: Leftovers
|-heal|p1a: Forretress|95/100|[from] item: Leftovers
|upkeep
|turn|13
|
|t:|1729260425
|switch|p2a: Bad Dog|Houndoom, F|60/100
|move|p1a: Forretress|Spikes|p2a: Bad Dog
|-sidestart|p2: beignet2|Spikes
|
|-heal|p2a: Bad Dog|66/100|[from] item: Leftovers
|-heal|p1a: Forretress|100/100|[from] item: Leftovers
|upkeep
|turn|14
|
|t:|1729260432
|switch|p1a: Snorlax|Snorlax, F|100/100 slp
|move|p2a: Bad Dog|Fire Blast|p1a: Snorlax
|-damage|p1a: Snorlax|68/100 slp
|
|-heal|p2a: Bad Dog|73/100|[from] item: Leftovers
|-heal|p1a: Snorlax|74/100 slp|[from] item: Leftovers
|upkeep
|turn|15
|
|t:|1729260441
|switch|p2a: Naptime|Breloom, M|100/100
|-damage|p2a: Naptime|88/100|[from] Spikes
|cant|p1a: Snorlax|slp
|
|-heal|p2a: Naptime|94/100|[from] item: Leftovers
|-heal|p1a: Snorlax|80/100 slp|[from] item: Leftovers
|upkeep
|turn|16
|
|t:|1729260457
|-singleturn|p2a: Naptime|move: Focus Punch
|-curestatus|p1a: Snorlax|slp|[msg]
|move|p1a: Snorlax|Self-Destruct|p2a: Naptime
|-damage|p2a: Naptime|0 fnt
|faint|p1a: Snorlax
|faint|p2a: Naptime
|
|t:|1729260470
|switch|p2a: ButtonClickerJones|Metagross|100/100
|switch|p1a: Aerodactyl|Aerodactyl, M|100/100
|-damage|p2a: ButtonClickerJones|88/100|[from] Spikes
|
|upkeep
|turn|17
|
|t:|1729260474
|move|p1a: Aerodactyl|Earthquake|p2a: ButtonClickerJones
|-supereffective|p2a: ButtonClickerJones
|-damage|p2a: ButtonClickerJones|11/100
|move|p2a: ButtonClickerJones|Meteor Mash|p1a: Aerodactyl
|-supereffective|p1a: Aerodactyl
|-damage|p1a: Aerodactyl|0 fnt
|faint|p1a: Aerodactyl
|
|t:|1729260483
|switch|p1a: Claydol|Claydol|61/100
|
|-heal|p1a: Claydol|67/100|[from] item: Leftovers
|upkeep
|turn|18
|
|t:|1729260489
|move|p2a: ButtonClickerJones|Meteor Mash|p1a: Claydol|[miss]
|-miss|p2a: ButtonClickerJones|p1a: Claydol
|move|p1a: Claydol|Earthquake|p2a: ButtonClickerJones
|-supereffective|p2a: ButtonClickerJones
|-damage|p2a: ButtonClickerJones|0 fnt
|faint|p2a: ButtonClickerJones
|
|t:|1729260494
|switch|p2a: Bad Dog|Houndoom, F|73/100
|-damage|p2a: Bad Dog|60/100|[from] Spikes
|
|-heal|p2a: Bad Dog|66/100|[from] item: Leftovers
|-heal|p1a: Claydol|73/100|[from] item: Leftovers
|upkeep
|turn|19
|
|t:|1729260500
|move|p2a: Bad Dog|Crunch|p1a: Claydol
|-supereffective|p1a: Claydol
|-damage|p1a: Claydol|4/100
|move|p1a: Claydol|Earthquake|p2a: Bad Dog
|-supereffective|p2a: Bad Dog
|-crit|p2a: Bad Dog
|-damage|p2a: Bad Dog|0 fnt
|faint|p2a: Bad Dog
|
|t:|1729260503
|switch|p2a: Over Easy|Blissey, F|67/100
|-damage|p2a: Over Easy|55/100|[from] Spikes
|
|-heal|p1a: Claydol|10/100|[from] item: Leftovers
|-heal|p2a: Over Easy|61/100|[from] item: Leftovers
|upkeep
|turn|20
|
|t:|1729260512
|move|p1a: Claydol|Explosion|p2a: Over Easy
|-damage|p2a: Over Easy|0 fnt
|faint|p1a: Claydol
|faint|p2a: Over Easy
|
|win|RevivalTyp
|c|☆beignet2|gg

</script>
<script type="application/json" class="data" id="replaydata-smogtours-gen3ou-799504">
{"id":"smogtours-gen3ou-799504","format":"[Gen 3] OU","players":["RevivalTyp","beignet2"],"uploadtime":1729260512,"views":86,"formatid":"gen3ou","rating":null,"private":0,"password":null}
</script>

<script defer src="js/replays.js?9d40a366"></script>
