<!DOCTYPE html>
<meta charset="utf-8" />
<meta name="viewport" content="width=device-width" />

<title>[Gen 3] OU: elale0803 vs. Colteor - Replays - Pok&eacute;mon Showdown!</title>

<meta name="description" content="Watch a replay of a Pok&eacute;mon battle between elale0803 and Colteor! Format: [Gen 3] OU; Date: Oct 2, 2024" />
<!--

Hey, you! Looking in the source for the replay log?

You can find them in JSON format, just add `.json` at the end of a replay URL.

https://replay.pokemonshowdown.com/gen7randomdoublesbattle-865046831.json

Or, if you only need the log itself, add `.log` instead:

https://replay.pokemonshowdown.com/gen7randomdoublesbattle-865046831.log

-->

<link rel="stylesheet" href="//pokemonshowdown.com/style/global.css?0.767286132409787" />
<link rel="stylesheet" href="//play.pokemonshowdown.com/style/font-awesome.css?0.9266228007934947" />
<link rel="stylesheet" href="//play.pokemonshowdown.com/style/battle.css?0.7924700842790926" />
<link rel="stylesheet" href="//play.pokemonshowdown.com/style/utilichart.css?0.8777417872839479" />

<!-- Global site tag (gtag.js) - Google Analytics -->
<script async src="https://www.googletagmanager.com/gtag/js?id=UA-26211653-1"></script>
<script>
  window.dataLayer = window.dataLayer || [];
  function gtag(){dataLayer.push(arguments);}
  gtag('js', new Date());

  gtag('config', 'UA-26211653-1');
</script>
<!-- End Google Analytics -->
<!-- Venatus Ad Manager - Install in <HEAD> of page -->
	<script src="https://hb.vntsm.com/v3/live/ad-manager.min.js" type="text/javascript" data-site-id="642aba63ec9a7b11c3c9c1be" data-mode="scan" async></script>
<!-- / Venatus Ad Manager -->

<style>
	@media (max-width:820px) {
		.battle {
			margin: 0 auto;
		}
		.battle-log {
			margin: 7px auto 0;
			max-width: 640px;
			height: 300px;
			position: static;
		}
	}
	.optgroup {
		display: inline-block;
		line-height: 22px;
		font-size: 10pt;
	}
	.optgroup .button {
		height: 25px;
		padding-top: 0;
		padding-bottom: 0;
	}
	.optgroup button.button {
		padding-left: 12px;
		padding-right: 12px;
	}
	.linklist {
		list-style: none;
		margin: 0.5em 0;
		padding: 0;
	}
	.linklist li {
		padding: 2px 0;
	}
	.sidebar {
		float: left;
		width: 320px;
	}
	.bar-wrapper {
		max-width: 1100px;
		margin: 0 auto;
	}
	.bar-wrapper.has-sidebar {
		max-width: 1430px;
	}
	.mainbar {
		margin: 0;
		padding-right: 1px;
	}
	.mainbar.has-sidebar {
		margin-left: 330px;
	}
	@media (min-width: 1511px) {
		.sidebar {
			width: 400px;
		}
		.bar-wrapper.has-sidebar {
			max-width: 1510px;
		}
		.mainbar.has-sidebar {
			margin-left: 410px;
		}
	}
	.section.first-section {
		margin-top: 9px;
	}
	.blocklink small {
		white-space: normal;
	}
	.button {
		vertical-align: middle;
	}
	.replay-controls {
		padding-top: 10px;
	}
	.replay-controls h1 {
		font-size: 16pt;
		font-weight: normal;
		color: #CCC;
	}
	.pagelink {
		text-align: center;
	}
	.pagelink a {
		width: 150px;
	}
	.textbox, .button {
		font-size: 11pt;
		vertical-align: middle;
	}
	@media (max-width: 450px) {
		.button {
			font-size: 9pt;
		}
	}
</style>

<div>

	<header>
		<div class="nav-wrapper"><ul class="nav">
			<li><a class="button nav-first" href="//pokemonshowdown.com/"><img src="//pokemonshowdown.com/images/pokemonshowdownbeta.png" srcset="//pokemonshowdown.com/images/pokemonshowdownbeta.png 1x, //pokemonshowdown.com/images/pokemonshowdownbeta@2x.png 2x" alt="Pok&eacute;mon Showdown" width="146" height="44" /> Home</a></li>
			<li><a class="button" href="//pokemonshowdown.com/dex/">Pok&eacute;dex</a></li>
			<li><a class="button cur" href="/">Replays</a></li>
			<li><a class="button" href="//pokemonshowdown.com/ladder/">Ladder</a></li>
			<li><a class="button nav-last" href="//pokemonshowdown.com/forums/">Forum</a></li>
			<li><a class="button greenbutton nav-first nav-last" href="//play.pokemonshowdown.com/">Play</a></li>
		</ul></div>
	</header>

	<div class="main" id="main">

		<noscript><section class="section">You need to enable JavaScript to use this page; sorry!</section></noscript>

	</div>

</div>

<script defer nomodule src="//play.pokemonshowdown.com/js/lib/ps-polyfill.js"></script>
<script defer src="//play.pokemonshowdown.com/js/lib/preact.min.js"></script>

<script defer src="//play.pokemonshowdown.com/config/config.js?6dec07f6"></script>
<script defer src="//play.pokemonshowdown.com/js/lib/jquery-1.11.0.min.js"></script>
<script defer src="//play.pokemonshowdown.com/js/lib/html-sanitizer-minified.js"></script>
<script defer src="//play.pokemonshowdown.com/js/battle-sound.js"></script>
<script defer src="//play.pokemonshowdown.com/js/battledata.js?0.6315294753075389"></script>
<script defer src="//play.pokemonshowdown.com/data/pokedex-mini.js?0.7603743185311358"></script>
<script defer src="//play.pokemonshowdown.com/data/pokedex-mini-bw.js?0.030888842834281283"></script>
<script defer src="//play.pokemonshowdown.com/data/graphics.js?0.05593094747507488"></script>
<script defer src="//play.pokemonshowdown.com/data/pokedex.js?0.47064822249611904"></script>
<script defer src="//play.pokemonshowdown.com/data/moves.js?0.8583693120512459"></script>
<script defer src="//play.pokemonshowdown.com/data/abilities.js?0.16017181182386842"></script>
<script defer src="//play.pokemonshowdown.com/data/items.js?0.4163379185673943"></script>
<script defer src="//play.pokemonshowdown.com/data/teambuilder-tables.js?0.31075597372830477"></script>
<script defer src="//play.pokemonshowdown.com/js/battle-tooltips.js?0.6536193500708172"></script>
<script defer src="//play.pokemonshowdown.com/js/battle.js?0.1916591943277901"></script>

<script defer src="js/utils.js?e31f9a17"></script>
<script defer src="js/replays-battle.js?7008c182"></script>

<!-- don't scrape this data! just add .json or .log after the URL!
Full API docs: https://github.com/smogon/pokemon-showdown-client/blob/master/WEB-API.md -->
<script type="text/plain" class="log" id="replaylog-smogtours-gen3ou-794096">
|inactive|Battle timer is ON: inactive players will automatically lose when time's up.
|t:|1727906602
|gametype|singles
|player|p1|elale0803|266|
|player|p2|Colteor|#roaplixmauvillemagnetons|
|teamsize|p1|6
|teamsize|p2|6
|gen|3
|tier|[Gen 3] OU
|rule|Sleep Clause Mod: Limit one foe put to sleep
|rule|Switch Priority Clause Mod: Faster Pokémon switch first
|rule|Species Clause: Limit one of each Pokémon
|rule|OHKO Clause: OHKO moves are banned
|rule|Evasion Items Clause: Evasion items are banned
|rule|Evasion Moves Clause: Evasion moves are banned
|rule|Endless Battle Clause: Forcing endless battles is banned
|rule|HP Percentage Mod: HP is shown in percentages
|rule|One Boost Passer Clause: Limit one Baton Passer that has a way to boost its stats
|rule|Freeze Clause Mod: Limit one foe frozen
|
|t:|1727906602
|start
|switch|p1a: Quagsire Showdown|Mawile, F|100/100
|switch|p2a: Cloyster|Cloyster, F|100/100
|-ability|p1a: Quagsire Showdown|Intimidate|boost
|-unboost|p2a: Cloyster|atk|1
|turn|1
|c|☆Colteor|gl hf
|c|☆elale0803|gl hf
|
|t:|1727906626
|move|p2a: Cloyster|Surf|p1a: Quagsire Showdown
|-damage|p1a: Quagsire Showdown|50/100
|move|p1a: Quagsire Showdown|Toxic|p2a: Cloyster|[miss]
|-miss|p1a: Quagsire Showdown|p2a: Cloyster
|
|-heal|p1a: Quagsire Showdown|57/100|[from] item: Leftovers
|upkeep
|turn|2
|
|t:|1727906639
|move|p2a: Cloyster|Spikes|p1a: Quagsire Showdown
|-sidestart|p1: elale0803|Spikes
|move|p1a: Quagsire Showdown|Toxic|p2a: Cloyster
|-status|p2a: Cloyster|tox
|-enditem|p2a: Cloyster|Lum Berry|[eat]
|-curestatus|p2a: Cloyster|tox|[msg]
|
|-heal|p1a: Quagsire Showdown|63/100|[from] item: Leftovers
|upkeep
|turn|3
|
|t:|1727906651
|switch|p2a: Metagross|Metagross|100/100
|move|p1a: Quagsire Showdown|Toxic|p2a: Metagross
|-immune|p2a: Metagross
|
|-heal|p1a: Quagsire Showdown|69/100|[from] item: Leftovers
|upkeep
|turn|4
|
|t:|1727906658
|switch|p1a: ホエルオー|Wailord, F|100/100
|-damage|p1a: ホエルオー|88/100|[from] Spikes
|move|p2a: Metagross|Earthquake|p1a: ホエルオー
|-damage|p1a: ホエルオー|43/100
|
|upkeep
|turn|5
|
|t:|1727906669
|move|p2a: Metagross|Earthquake|p1a: ホエルオー
|-damage|p1a: ホエルオー|0 fnt
|faint|p1a: ホエルオー
|
|t:|1727906675
|switch|p1a: ジュペッタ|Banette, M|100/100
|-damage|p1a: ジュペッタ|88/100|[from] Spikes
|
|upkeep
|turn|6
|
|t:|1727906685
|switch|p2a: Cloyster|Cloyster, F|100/100
|move|p1a: ジュペッタ|Destiny Bond|p1a: ジュペッタ
|-singlemove|p1a: ジュペッタ|Destiny Bond
|
|upkeep
|turn|7
|
|t:|1727906690
|switch|p1a: ヤミラミ|Sableye, F|100/100
|-damage|p1a: ヤミラミ|88/100|[from] Spikes
|move|p2a: Cloyster|Spikes|p1a: ヤミラミ
|-sidestart|p1: elale0803|Spikes
|
|-heal|p1a: ヤミラミ|94/100|[from] item: Leftovers
|upkeep
|turn|8
|
|t:|1727906697
|move|p2a: Cloyster|Spikes|p1a: ヤミラミ
|-sidestart|p1: elale0803|Spikes
|move|p1a: ヤミラミ|Toxic|p2a: Cloyster
|-status|p2a: Cloyster|tox
|
|-damage|p2a: Cloyster|94/100 tox|[from] psn
|-heal|p1a: ヤミラミ|100/100|[from] item: Leftovers
|upkeep
|turn|9
|
|t:|1727906703
|move|p2a: Cloyster|Surf|p1a: ヤミラミ
|-damage|p1a: ヤミラミ|72/100
|move|p1a: ヤミラミ|Night Shade|p2a: Cloyster
|-damage|p2a: Cloyster|56/100 tox
|
|-damage|p2a: Cloyster|43/100 tox|[from] psn
|-heal|p1a: ヤミラミ|78/100|[from] item: Leftovers
|upkeep
|turn|10
|
|t:|1727906706
|switch|p2a: Metagross|Metagross|100/100
|move|p1a: ヤミラミ|Night Shade|p2a: Metagross
|-damage|p2a: Metagross|73/100
|
|-heal|p2a: Metagross|79/100|[from] item: Leftovers
|-heal|p1a: ヤミラミ|84/100|[from] item: Leftovers
|upkeep
|turn|11
|
|t:|1727906710
|move|p2a: Metagross|Meteor Mash|p1a: ヤミラミ
|-damage|p1a: ヤミラミ|2/100
|-boost|p2a: Metagross|atk|1
|move|p1a: ヤミラミ|Knock Off|p2a: Metagross
|-damage|p2a: Metagross|74/100
|-enditem|p2a: Metagross|Leftovers|[from] move: Knock Off|[of] p1a: ヤミラミ
|-hint|In Gens 3-4, Knock Off only makes the target's item unusable; it cannot obtain a new item.
|
|-heal|p1a: ヤミラミ|8/100|[from] item: Leftovers
|upkeep
|turn|12
|
|t:|1727906719
|move|p2a: Metagross|Earthquake|p1a: ヤミラミ
|-damage|p1a: ヤミラミ|0 fnt
|faint|p1a: ヤミラミ
|
|t:|1727906724
|switch|p1a: ジュペッタ|Banette, M|88/100
|-damage|p1a: ジュペッタ|63/100|[from] Spikes
|
|upkeep
|turn|13
|
|t:|1727906731
|switch|p2a: Cloyster|Cloyster, F|43/100 tox
|move|p1a: ジュペッタ|Will-O-Wisp|p2a: Cloyster|[miss]
|-miss|p1a: ジュペッタ|p2a: Cloyster
|
|-damage|p2a: Cloyster|37/100 tox|[from] psn
|upkeep
|turn|14
|
|t:|1727906743
|switch|p1a: アブソル|Absol, F|100/100
|-damage|p1a: アブソル|76/100|[from] Spikes
|move|p2a: Cloyster|Surf|p1a: アブソル
|-damage|p1a: アブソル|16/100
|
|-heal|p1a: アブソル|22/100|[from] item: Leftovers
|-damage|p2a: Cloyster|25/100 tox|[from] psn
|upkeep
|turn|15
|
|t:|1727906755
|move|p2a: Cloyster|Surf|p1a: アブソル
|-damage|p1a: アブソル|0 fnt
|faint|p1a: アブソル
|
|t:|1727906764
|switch|p1a: ジュペッタ|Banette, M|63/100
|-damage|p1a: ジュペッタ|38/100|[from] Spikes
|
|-damage|p2a: Cloyster|6/100 tox|[from] psn
|upkeep
|turn|16
|
|t:|1727906766
|move|p1a: ジュペッタ|Shadow Ball|p2a: Cloyster
|-damage|p2a: Cloyster|0 fnt
|faint|p2a: Cloyster
|
|t:|1727906769
|switch|p2a: Jolteon|Jolteon, F|100/100
|
|upkeep
|turn|17
|
|t:|1727906782
|switch|p1a: Quagsire Showdown|Mawile, F|69/100
|-damage|p1a: Quagsire Showdown|44/100|[from] Spikes
|-ability|p1a: Quagsire Showdown|Intimidate|boost
|-unboost|p2a: Jolteon|atk|1
|move|p2a: Jolteon|Thunderbolt|p1a: Quagsire Showdown
|-damage|p1a: Quagsire Showdown|0 fnt
|faint|p1a: Quagsire Showdown
|
|t:|1727906789
|switch|p1a: ジュペッタ|Banette, M|38/100
|-damage|p1a: ジュペッタ|14/100|[from] Spikes
|
|-enditem|p1a: ジュペッタ|Salac Berry|[eat]
|-boost|p1a: ジュペッタ|spe|1|[from] item: Salac Berry
|upkeep
|turn|18
|
|t:|1727906802
|switch|p2a: Skarmory|Skarmory, F|100/100
|move|p1a: ジュペッタ|Shadow Ball|p2a: Skarmory
|-resisted|p2a: Skarmory
|-damage|p2a: Skarmory|82/100
|
|upkeep
|turn|19
|
|t:|1727906807
|move|p1a: ジュペッタ|Will-O-Wisp|p2a: Skarmory
|-status|p2a: Skarmory|brn
|move|p2a: Skarmory|Drill Peck|p1a: ジュペッタ
|-damage|p1a: ジュペッタ|0 fnt
|faint|p1a: ジュペッタ
|
|t:|1727906812
|switch|p1a: テッカニン|Ninjask, M|100/100
|
|-damage|p2a: Skarmory|70/100 brn|[from] brn
|upkeep
|turn|20
|
|t:|1727906824
|switch|p2a: Jolteon|Jolteon, F|100/100
|move|p1a: テッカニン|Substitute|p1a: テッカニン
|-start|p1a: テッカニン|Substitute
|-damage|p1a: テッカニン|75/100
|
|-ability|p1a: テッカニン|Speed Boost|boost
|-boost|p1a: テッカニン|spe|1
|upkeep
|turn|21
|
|t:|1727906827
|move|p1a: テッカニン|Swords Dance|p1a: テッカニン
|-boost|p1a: テッカニン|atk|2
|move|p2a: Jolteon|Thunderbolt|p1a: テッカニン
|-supereffective|p1a: テッカニン
|-end|p1a: テッカニン|Substitute
|
|-ability|p1a: テッカニン|Speed Boost|boost
|-boost|p1a: テッカニン|spe|1
|upkeep
|turn|22
|
|t:|1727906832
|move|p1a: テッカニン|Substitute|p1a: テッカニン
|-start|p1a: テッカニン|Substitute
|-damage|p1a: テッカニン|50/100
|move|p2a: Jolteon|Thunderbolt|p1a: テッカニン
|-supereffective|p1a: テッカニン
|-end|p1a: テッカニン|Substitute
|
|-ability|p1a: テッカニン|Speed Boost|boost
|-boost|p1a: テッカニン|spe|1
|upkeep
|turn|23
|
|t:|1727906835
|move|p1a: テッカニン|Substitute|p1a: テッカニン
|-start|p1a: テッカニン|Substitute
|-damage|p1a: テッカニン|25/100
|move|p2a: Jolteon|Thunderbolt|p1a: テッカニン
|-supereffective|p1a: テッカニン
|-end|p1a: テッカニン|Substitute
|
|-ability|p1a: テッカニン|Speed Boost|boost
|-boost|p1a: テッカニン|spe|1
|-enditem|p1a: テッカニン|Liechi Berry|[eat]
|-boost|p1a: テッカニン|atk|1|[from] item: Liechi Berry
|upkeep
|turn|24
|
|t:|1727906837
|move|p1a: テッカニン|Silver Wind|p2a: Jolteon
|-damage|p2a: Jolteon|0 fnt
|faint|p2a: Jolteon
|c|+zacpz|@elale0803 Jask is banned from the tour
|
|t:|1727906840
|switch|p2a: Metagross|Metagross|74/100
|
|-ability|p1a: テッカニン|Speed Boost|boost
|-boost|p1a: テッカニン|spe|1
|upkeep
|turn|25
|
|t:|1727906853
|move|p1a: テッカニン|Silver Wind|p2a: Metagross
|-damage|p2a: Metagross|29/100
|move|p2a: Metagross|Meteor Mash|p1a: テッカニン
|-damage|p1a: テッカニン|0 fnt
|faint|p1a: テッカニン
|
|win|Colteor
|c|☆Colteor|yea
|c|☆Colteor|and gg
|c|☆elale0803|gg
|player|p1|
|c|+zacpz|This would count as a game loss if you won
|c|+zacpz|If you bring again you will forfeit an entire set

</script>
<script type="application/json" class="data" id="replaydata-smogtours-gen3ou-794096">
{"id":"smogtours-gen3ou-794096","format":"[Gen 3] OU","players":["elale0803","Colteor"],"uploadtime":1727906853,"views":251,"formatid":"gen3ou","rating":null,"private":0,"password":null}
</script>

<script defer src="js/replays.js?9d40a366"></script>
