<!DOCTYPE html>
<meta charset="utf-8" />
<meta name="viewport" content="width=device-width" />

<title>[Gen 3] OU: EtymonLegomenon vs. Kenava - Replays - Pok&eacute;mon Showdown!</title>

<meta name="description" content="Watch a replay of a Pok&eacute;mon battle between EtymonLegomenon and Kenava! Format: [Gen 3] OU; Date: Oct 2, 2024" />
<!--

Hey, you! Looking in the source for the replay log?

You can find them in JSON format, just add `.json` at the end of a replay URL.

https://replay.pokemonshowdown.com/gen7randomdoublesbattle-865046831.json

Or, if you only need the log itself, add `.log` instead:

https://replay.pokemonshowdown.com/gen7randomdoublesbattle-865046831.log

-->

<link rel="stylesheet" href="//pokemonshowdown.com/style/global.css?0.767286132409787" />
<link rel="stylesheet" href="//play.pokemonshowdown.com/style/font-awesome.css?0.9266228007934947" />
<link rel="stylesheet" href="//play.pokemonshowdown.com/style/battle.css?0.7924700842790926" />
<link rel="stylesheet" href="//play.pokemonshowdown.com/style/utilichart.css?0.8777417872839479" />

<!-- Global site tag (gtag.js) - Google Analytics -->
<script async src="https://www.googletagmanager.com/gtag/js?id=UA-26211653-1"></script>
<script>
  window.dataLayer = window.dataLayer || [];
  function gtag(){dataLayer.push(arguments);}
  gtag('js', new Date());

  gtag('config', 'UA-26211653-1');
</script>
<!-- End Google Analytics -->
<!-- Venatus Ad Manager - Install in <HEAD> of page -->
	<script src="https://hb.vntsm.com/v3/live/ad-manager.min.js" type="text/javascript" data-site-id="642aba63ec9a7b11c3c9c1be" data-mode="scan" async></script>
<!-- / Venatus Ad Manager -->

<style>
	@media (max-width:820px) {
		.battle {
			margin: 0 auto;
		}
		.battle-log {
			margin: 7px auto 0;
			max-width: 640px;
			height: 300px;
			position: static;
		}
	}
	.optgroup {
		display: inline-block;
		line-height: 22px;
		font-size: 10pt;
	}
	.optgroup .button {
		height: 25px;
		padding-top: 0;
		padding-bottom: 0;
	}
	.optgroup button.button {
		padding-left: 12px;
		padding-right: 12px;
	}
	.linklist {
		list-style: none;
		margin: 0.5em 0;
		padding: 0;
	}
	.linklist li {
		padding: 2px 0;
	}
	.sidebar {
		float: left;
		width: 320px;
	}
	.bar-wrapper {
		max-width: 1100px;
		margin: 0 auto;
	}
	.bar-wrapper.has-sidebar {
		max-width: 1430px;
	}
	.mainbar {
		margin: 0;
		padding-right: 1px;
	}
	.mainbar.has-sidebar {
		margin-left: 330px;
	}
	@media (min-width: 1511px) {
		.sidebar {
			width: 400px;
		}
		.bar-wrapper.has-sidebar {
			max-width: 1510px;
		}
		.mainbar.has-sidebar {
			margin-left: 410px;
		}
	}
	.section.first-section {
		margin-top: 9px;
	}
	.blocklink small {
		white-space: normal;
	}
	.button {
		vertical-align: middle;
	}
	.replay-controls {
		padding-top: 10px;
	}
	.replay-controls h1 {
		font-size: 16pt;
		font-weight: normal;
		color: #CCC;
	}
	.pagelink {
		text-align: center;
	}
	.pagelink a {
		width: 150px;
	}
	.textbox, .button {
		font-size: 11pt;
		vertical-align: middle;
	}
	@media (max-width: 450px) {
		.button {
			font-size: 9pt;
		}
	}
</style>

<div>

	<header>
		<div class="nav-wrapper"><ul class="nav">
			<li><a class="button nav-first" href="//pokemonshowdown.com/"><img src="//pokemonshowdown.com/images/pokemonshowdownbeta.png" srcset="//pokemonshowdown.com/images/pokemonshowdownbeta.png 1x, //pokemonshowdown.com/images/pokemonshowdownbeta@2x.png 2x" alt="Pok&eacute;mon Showdown" width="146" height="44" /> Home</a></li>
			<li><a class="button" href="//pokemonshowdown.com/dex/">Pok&eacute;dex</a></li>
			<li><a class="button cur" href="/">Replays</a></li>
			<li><a class="button" href="//pokemonshowdown.com/ladder/">Ladder</a></li>
			<li><a class="button nav-last" href="//pokemonshowdown.com/forums/">Forum</a></li>
			<li><a class="button greenbutton nav-first nav-last" href="//play.pokemonshowdown.com/">Play</a></li>
		</ul></div>
	</header>

	<div class="main" id="main">

		<noscript><section class="section">You need to enable JavaScript to use this page; sorry!</section></noscript>

	</div>

</div>

<script defer nomodule src="//play.pokemonshowdown.com/js/lib/ps-polyfill.js"></script>
<script defer src="//play.pokemonshowdown.com/js/lib/preact.min.js"></script>

<script defer src="//play.pokemonshowdown.com/config/config.js?6dec07f6"></script>
<script defer src="//play.pokemonshowdown.com/js/lib/jquery-1.11.0.min.js"></script>
<script defer src="//play.pokemonshowdown.com/js/lib/html-sanitizer-minified.js"></script>
<script defer src="//play.pokemonshowdown.com/js/battle-sound.js"></script>
<script defer src="//play.pokemonshowdown.com/js/battledata.js?0.6315294753075389"></script>
<script defer src="//play.pokemonshowdown.com/data/pokedex-mini.js?0.7603743185311358"></script>
<script defer src="//play.pokemonshowdown.com/data/pokedex-mini-bw.js?0.030888842834281283"></script>
<script defer src="//play.pokemonshowdown.com/data/graphics.js?0.05593094747507488"></script>
<script defer src="//play.pokemonshowdown.com/data/pokedex.js?0.47064822249611904"></script>
<script defer src="//play.pokemonshowdown.com/data/moves.js?0.8583693120512459"></script>
<script defer src="//play.pokemonshowdown.com/data/abilities.js?0.16017181182386842"></script>
<script defer src="//play.pokemonshowdown.com/data/items.js?0.4163379185673943"></script>
<script defer src="//play.pokemonshowdown.com/data/teambuilder-tables.js?0.31075597372830477"></script>
<script defer src="//play.pokemonshowdown.com/js/battle-tooltips.js?0.6536193500708172"></script>
<script defer src="//play.pokemonshowdown.com/js/battle.js?0.1916591943277901"></script>

<script defer src="js/utils.js?e31f9a17"></script>
<script defer src="js/replays-battle.js?7008c182"></script>

<!-- don't scrape this data! just add .json or .log after the URL!
Full API docs: https://github.com/smogon/pokemon-showdown-client/blob/master/WEB-API.md -->
<script type="text/plain" class="log" id="replaylog-smogtours-gen3ou-794061">
|inactive|Battle timer is ON: inactive players will automatically lose when time's up.
|t:|1727903425
|gametype|singles
|player|p1|EtymonLegomenon|265|
|player|p2|Kenava|265|
|teamsize|p1|6
|teamsize|p2|6
|gen|3
|tier|[Gen 3] OU
|rule|Sleep Clause Mod: Limit one foe put to sleep
|rule|Switch Priority Clause Mod: Faster Pokémon switch first
|rule|Species Clause: Limit one of each Pokémon
|rule|OHKO Clause: OHKO moves are banned
|rule|Evasion Items Clause: Evasion items are banned
|rule|Evasion Moves Clause: Evasion moves are banned
|rule|Endless Battle Clause: Forcing endless battles is banned
|rule|HP Percentage Mod: HP is shown in percentages
|rule|One Boost Passer Clause: Limit one Baton Passer that has a way to boost its stats
|rule|Freeze Clause Mod: Limit one foe frozen
|
|t:|1727903425
|start
|switch|p1a: MrWorldwide|Moltres|100/100
|switch|p2a: Tyranitar|Tyranitar, F|100/100
|-weather|Sandstorm|[from] ability: Sand Stream|[of] p2a: Tyranitar
|turn|1
|inactive|Kenava also wants the timer to be on.
|c|☆Kenava|glhf
|
|t:|1727903447
|move|p1a: MrWorldwide|Hidden Power|p2a: Tyranitar
|-supereffective|p2a: Tyranitar
|-damage|p2a: Tyranitar|0 fnt
|faint|p2a: Tyranitar
|c|☆EtymonLegomenon|Good Luck. Have Fun.
|inactive|Kenava has 270 seconds left.
|
|t:|1727903480
|switch|p2a: Salamence|Salamence, M|100/100
|-ability|p2a: Salamence|Intimidate|boost
|-unboost|p1a: MrWorldwide|atk|1
|
|-weather|Sandstorm|[upkeep]
|-damage|p1a: MrWorldwide|94/100|[from] Sandstorm
|-damage|p2a: Salamence|94/100|[from] Sandstorm
|-heal|p2a: Salamence|100/100|[from] item: Leftovers
|upkeep
|turn|2
|
|t:|1727903496
|switch|p1a: IronBrian|Metagross|100/100
|move|p2a: Salamence|Hidden Power|p1a: IronBrian
|-resisted|p1a: IronBrian
|-damage|p1a: IronBrian|85/100
|
|-weather|Sandstorm|[upkeep]
|-damage|p2a: Salamence|94/100|[from] Sandstorm
|-heal|p2a: Salamence|100/100|[from] item: Leftovers
|upkeep
|turn|3
|
|t:|1727903504
|switch|p2a: Magneton|Magneton|100/100
|move|p1a: IronBrian|Rock Slide|p2a: Magneton
|-resisted|p2a: Magneton
|-damage|p2a: Magneton|65/100
|
|-weather|Sandstorm|[upkeep]
|upkeep
|turn|4
|
|t:|1727903510
|move|p2a: Magneton|Protect|p2a: Magneton
|-singleturn|p2a: Magneton|Protect
|move|p1a: IronBrian|Rock Slide|p2a: Magneton
|-activate|p2a: Magneton|Protect
|
|-weather|Sandstorm|[upkeep]
|upkeep
|turn|5
|
|t:|1727903514
|move|p2a: Magneton|Thunderbolt|p1a: IronBrian
|-damage|p1a: IronBrian|21/100
|move|p1a: IronBrian|Rock Slide|p2a: Magneton
|-resisted|p2a: Magneton
|-damage|p2a: Magneton|31/100
|
|-weather|Sandstorm|[upkeep]
|upkeep
|turn|6
|
|t:|1727903520
|move|p2a: Magneton|Thunderbolt|p1a: IronBrian
|-damage|p1a: IronBrian|0 fnt
|faint|p1a: IronBrian
|
|t:|1727903525
|switch|p1a: MrWorldwide|Moltres|94/100
|
|-weather|Sandstorm|[upkeep]
|-damage|p1a: MrWorldwide|88/100|[from] Sandstorm
|upkeep
|turn|7
|
|t:|1727903527
|move|p2a: Magneton|Protect|p2a: Magneton
|-singleturn|p2a: Magneton|Protect
|move|p1a: MrWorldwide|Overheat|p2a: Magneton
|-activate|p2a: Magneton|Protect
|
|-weather|Sandstorm|[upkeep]
|-damage|p1a: MrWorldwide|82/100|[from] Sandstorm
|upkeep
|turn|8
|
|t:|1727903544
|switch|p1a: DockyardImpetus|Snorlax, F|100/100
|switch|p2a: Snorlax|Snorlax, F|100/100
|
|-weather|Sandstorm|[upkeep]
|-damage|p2a: Snorlax|94/100|[from] Sandstorm
|-damage|p1a: DockyardImpetus|94/100|[from] Sandstorm
|-heal|p2a: Snorlax|100/100|[from] item: Leftovers
|-heal|p1a: DockyardImpetus|100/100|[from] item: Leftovers
|upkeep
|turn|9
|
|t:|1727903549
|move|p2a: Snorlax|Body Slam|p1a: DockyardImpetus
|-damage|p1a: DockyardImpetus|69/100
|move|p1a: DockyardImpetus|Curse|p1a: DockyardImpetus
|-unboost|p1a: DockyardImpetus|spe|1
|-boost|p1a: DockyardImpetus|atk|1
|-boost|p1a: DockyardImpetus|def|1
|
|-weather|Sandstorm|[upkeep]
|-damage|p2a: Snorlax|94/100|[from] Sandstorm
|-damage|p1a: DockyardImpetus|63/100|[from] Sandstorm
|-heal|p2a: Snorlax|100/100|[from] item: Leftovers
|-heal|p1a: DockyardImpetus|69/100|[from] item: Leftovers
|upkeep
|turn|10
|
|t:|1727903556
|move|p2a: Snorlax|Body Slam|p1a: DockyardImpetus
|-damage|p1a: DockyardImpetus|47/100
|move|p1a: DockyardImpetus|Self-Destruct|p2a: Snorlax
|-damage|p2a: Snorlax|0 fnt
|faint|p1a: DockyardImpetus
|faint|p2a: Snorlax
|inactive|EtymonLegomenon has 270 seconds left.
|
|t:|1727903600
|switch|p2a: Magneton|Magneton|31/100
|switch|p1a: MrWorldwide|Moltres|82/100
|
|-weather|Sandstorm|[upkeep]
|-damage|p1a: MrWorldwide|76/100|[from] Sandstorm
|upkeep
|turn|11
|
|t:|1727903604
|move|p2a: Magneton|Protect|p2a: Magneton
|-singleturn|p2a: Magneton|Protect
|move|p1a: MrWorldwide|Sunny Day|p1a: MrWorldwide
|-weather|SunnyDay
|
|-weather|SunnyDay|[upkeep]
|upkeep
|turn|12
|inactive|EtymonLegomenon has 270 seconds left.
|
|t:|1727903619
|switch|p1a: PalmTreePanic|Exeggutor, M|100/100
|move|p2a: Magneton|Toxic|p1a: PalmTreePanic
|-status|p1a: PalmTreePanic|tox
|-enditem|p1a: PalmTreePanic|Lum Berry|[eat]
|-curestatus|p1a: PalmTreePanic|tox|[msg]
|
|-weather|SunnyDay|[upkeep]
|upkeep
|turn|13
|
|t:|1727903627
|move|p1a: PalmTreePanic|Solar Beam||[still]
|-prepare|p1a: PalmTreePanic|Solar Beam
|-anim|p1a: PalmTreePanic|Solar Beam|p2a: Magneton
|-resisted|p2a: Magneton
|-damage|p2a: Magneton|0 fnt
|faint|p2a: Magneton
|
|t:|1727903654
|switch|p2a: Metagross|Metagross, shiny|100/100
|
|-weather|SunnyDay|[upkeep]
|upkeep
|turn|14
|
|t:|1727903658
|move|p1a: PalmTreePanic|Sleep Powder|p2a: Metagross
|-status|p2a: Metagross|slp|[from] move: Sleep Powder
|-enditem|p2a: Metagross|Lum Berry|[eat]
|-curestatus|p2a: Metagross|slp|[msg]
|move|p2a: Metagross|Explosion|p1a: PalmTreePanic
|-damage|p1a: PalmTreePanic|0 fnt
|faint|p2a: Metagross
|faint|p1a: PalmTreePanic
|inactive|EtymonLegomenon has 270 seconds left.
|inactive|EtymonLegomenon has 240 seconds left.
|inactive|EtymonLegomenon has 210 seconds left.
|inactive|Kenava has 270 seconds left.
|
|t:|1727903776
|switch|p1a: MrWorldwide|Moltres|76/100
|switch|p2a: Swampert|Swampert, M|100/100
|
|-weather|SunnyDay|[upkeep]
|upkeep
|turn|15
|inactive|EtymonLegomenon has 180 seconds left.
|inactive|EtymonLegomenon has 150 seconds left.
|
|t:|1727903834
|move|p1a: MrWorldwide|Aerial Ace|p2a: Swampert
|-damage|p2a: Swampert|59/100
|move|p2a: Swampert|Hydro Pump|p1a: MrWorldwide
|-supereffective|p1a: MrWorldwide
|-damage|p1a: MrWorldwide|16/100
|
|-weather|none
|-heal|p2a: Swampert|65/100|[from] item: Leftovers
|upkeep
|turn|16
|
|t:|1727903846
|move|p1a: MrWorldwide|Aerial Ace|p2a: Swampert
|-damage|p2a: Swampert|21/100
|move|p2a: Swampert|Ice Beam|p1a: MrWorldwide
|-damage|p1a: MrWorldwide|0 fnt
|faint|p1a: MrWorldwide
|
|t:|1727903849
|switch|p1a: FeigningBugbear|Heracross, F|100/100
|
|-heal|p2a: Swampert|27/100|[from] item: Leftovers
|upkeep
|turn|17
|inactive|EtymonLegomenon has 150 seconds left.
|
|t:|1727903868
|move|p1a: FeigningBugbear|Substitute|p1a: FeigningBugbear
|-start|p1a: FeigningBugbear|Substitute
|-damage|p1a: FeigningBugbear|75/100
|move|p2a: Swampert|Hydro Pump|p1a: FeigningBugbear
|-end|p1a: FeigningBugbear|Substitute
|
|-heal|p2a: Swampert|33/100|[from] item: Leftovers
|upkeep
|turn|18
|
|t:|1727903875
|move|p1a: FeigningBugbear|Substitute|p1a: FeigningBugbear
|-start|p1a: FeigningBugbear|Substitute
|-damage|p1a: FeigningBugbear|50/100
|move|p2a: Swampert|Hydro Pump|p1a: FeigningBugbear
|-end|p1a: FeigningBugbear|Substitute
|
|-heal|p2a: Swampert|39/100|[from] item: Leftovers
|upkeep
|turn|19
|inactive|EtymonLegomenon has 150 seconds left.
|
|t:|1727903880
|move|p1a: FeigningBugbear|Substitute|p1a: FeigningBugbear
|-start|p1a: FeigningBugbear|Substitute
|-damage|p1a: FeigningBugbear|25/100
|move|p2a: Swampert|Hydro Pump|p1a: FeigningBugbear
|-end|p1a: FeigningBugbear|Substitute
|
|-enditem|p1a: FeigningBugbear|Salac Berry|[eat]
|-boost|p1a: FeigningBugbear|spe|1|[from] item: Salac Berry
|-heal|p2a: Swampert|45/100|[from] item: Leftovers
|upkeep
|turn|20
|inactive|EtymonLegomenon has 150 seconds left.
|
|t:|1727903895
|move|p1a: FeigningBugbear|Megahorn|p2a: Swampert
|-damage|p2a: Swampert|0 fnt
|faint|p2a: Swampert
|
|t:|1727903899
|switch|p2a: Salamence|Salamence, M|100/100
|-ability|p2a: Salamence|Intimidate|boost
|-unboost|p1a: FeigningBugbear|atk|1
|
|upkeep
|turn|21
|inactive|EtymonLegomenon has 150 seconds left.
|
|t:|1727903919
|move|p1a: FeigningBugbear|Rock Slide|p2a: Salamence
|-supereffective|p2a: Salamence
|-crit|p2a: Salamence
|-damage|p2a: Salamence|0 fnt
|faint|p2a: Salamence
|
|win|EtymonLegomenon
|c|☆EtymonLegomenon|ouch
|c|☆EtymonLegomenon|sorry
|c|☆EtymonLegomenon|Good Game. Well Played.
|c|☆Kenava|gg

</script>
<script type="application/json" class="data" id="replaydata-smogtours-gen3ou-794061">
{"id":"smogtours-gen3ou-794061","format":"[Gen 3] OU","players":["EtymonLegomenon","Kenava"],"uploadtime":1727903919,"views":113,"formatid":"gen3ou","rating":null,"private":0,"password":null}
</script>

<script defer src="js/replays.js?9d40a366"></script>
