<!DOCTYPE html>
<meta charset="utf-8" />
<meta name="viewport" content="width=device-width" />

<title>[Gen 3] OU: beignet2 vs. RevivalTyp - Replays - Pok&eacute;mon Showdown!</title>

<meta name="description" content="Watch a replay of a Pok&eacute;mon battle between beignet2 and RevivalTyp! Format: [Gen 3] OU; Date: Oct 18, 2024" />
<!--

Hey, you! Looking in the source for the replay log?

You can find them in JSON format, just add `.json` at the end of a replay URL.

https://replay.pokemonshowdown.com/gen7randomdoublesbattle-865046831.json

Or, if you only need the log itself, add `.log` instead:

https://replay.pokemonshowdown.com/gen7randomdoublesbattle-865046831.log

-->

<link rel="stylesheet" href="//pokemonshowdown.com/style/global.css?0.023195364461161105" />
<link rel="stylesheet" href="//play.pokemonshowdown.com/style/font-awesome.css?0.13261647063804238" />
<link rel="stylesheet" href="//play.pokemonshowdown.com/style/battle.css?0.8753245789963631" />
<link rel="stylesheet" href="//play.pokemonshowdown.com/style/utilichart.css?0.8627959624976733" />

<!-- Global site tag (gtag.js) - Google Analytics -->
<script async src="https://www.googletagmanager.com/gtag/js?id=UA-26211653-1"></script>
<script>
  window.dataLayer = window.dataLayer || [];
  function gtag(){dataLayer.push(arguments);}
  gtag('js', new Date());

  gtag('config', 'UA-26211653-1');
</script>
<!-- End Google Analytics -->
<!-- Venatus Ad Manager - Install in <HEAD> of page -->
	<script src="https://hb.vntsm.com/v3/live/ad-manager.min.js" type="text/javascript" data-site-id="642aba63ec9a7b11c3c9c1be" data-mode="scan" async></script>
<!-- / Venatus Ad Manager -->

<style>
	@media (max-width:820px) {
		.battle {
			margin: 0 auto;
		}
		.battle-log {
			margin: 7px auto 0;
			max-width: 640px;
			height: 300px;
			position: static;
		}
	}
	.optgroup {
		display: inline-block;
		line-height: 22px;
		font-size: 10pt;
	}
	.optgroup .button {
		height: 25px;
		padding-top: 0;
		padding-bottom: 0;
	}
	.optgroup button.button {
		padding-left: 12px;
		padding-right: 12px;
	}
	.linklist {
		list-style: none;
		margin: 0.5em 0;
		padding: 0;
	}
	.linklist li {
		padding: 2px 0;
	}
	.sidebar {
		float: left;
		width: 320px;
	}
	.bar-wrapper {
		max-width: 1100px;
		margin: 0 auto;
	}
	.bar-wrapper.has-sidebar {
		max-width: 1430px;
	}
	.mainbar {
		margin: 0;
		padding-right: 1px;
	}
	.mainbar.has-sidebar {
		margin-left: 330px;
	}
	@media (min-width: 1511px) {
		.sidebar {
			width: 400px;
		}
		.bar-wrapper.has-sidebar {
			max-width: 1510px;
		}
		.mainbar.has-sidebar {
			margin-left: 410px;
		}
	}
	.section.first-section {
		margin-top: 9px;
	}
	.blocklink small {
		white-space: normal;
	}
	.button {
		vertical-align: middle;
	}
	.replay-controls {
		padding-top: 10px;
	}
	.replay-controls h1 {
		font-size: 16pt;
		font-weight: normal;
		color: #CCC;
	}
	.pagelink {
		text-align: center;
	}
	.pagelink a {
		width: 150px;
	}
	.textbox, .button {
		font-size: 11pt;
		vertical-align: middle;
	}
	@media (max-width: 450px) {
		.button {
			font-size: 9pt;
		}
	}
</style>

<div>

	<header>
		<div class="nav-wrapper"><ul class="nav">
			<li><a class="button nav-first" href="//pokemonshowdown.com/"><img src="//pokemonshowdown.com/images/pokemonshowdownbeta.png" srcset="//pokemonshowdown.com/images/pokemonshowdownbeta.png 1x, //pokemonshowdown.com/images/pokemonshowdownbeta@2x.png 2x" alt="Pok&eacute;mon Showdown" width="146" height="44" /> Home</a></li>
			<li><a class="button" href="//pokemonshowdown.com/dex/">Pok&eacute;dex</a></li>
			<li><a class="button cur" href="/">Replays</a></li>
			<li><a class="button" href="//pokemonshowdown.com/ladder/">Ladder</a></li>
			<li><a class="button nav-last" href="//pokemonshowdown.com/forums/">Forum</a></li>
			<li><a class="button greenbutton nav-first nav-last" href="//play.pokemonshowdown.com/">Play</a></li>
		</ul></div>
	</header>

	<div class="main" id="main">

		<noscript><section class="section">You need to enable JavaScript to use this page; sorry!</section></noscript>

	</div>

</div>

<script defer nomodule src="//play.pokemonshowdown.com/js/lib/ps-polyfill.js"></script>
<script defer src="//play.pokemonshowdown.com/js/lib/preact.min.js"></script>

<script defer src="//play.pokemonshowdown.com/config/config.js?2bddbc15"></script>
<script defer src="//play.pokemonshowdown.com/js/lib/jquery-1.11.0.min.js"></script>
<script defer src="//play.pokemonshowdown.com/js/lib/html-sanitizer-minified.js"></script>
<script defer src="//play.pokemonshowdown.com/js/battle-sound.js"></script>
<script defer src="//play.pokemonshowdown.com/js/battledata.js?0.7209276989879541"></script>
<script defer src="//play.pokemonshowdown.com/data/pokedex-mini.js?0.6111056340867951"></script>
<script defer src="//play.pokemonshowdown.com/data/pokedex-mini-bw.js?0.3532142036491459"></script>
<script defer src="//play.pokemonshowdown.com/data/graphics.js?0.24223875632456182"></script>
<script defer src="//play.pokemonshowdown.com/data/pokedex.js?0.38839984266356864"></script>
<script defer src="//play.pokemonshowdown.com/data/moves.js?0.21866028504024015"></script>
<script defer src="//play.pokemonshowdown.com/data/abilities.js?0.2005157953846628"></script>
<script defer src="//play.pokemonshowdown.com/data/items.js?0.9894211263848525"></script>
<script defer src="//play.pokemonshowdown.com/data/teambuilder-tables.js?0.6008791140282215"></script>
<script defer src="//play.pokemonshowdown.com/js/battle-tooltips.js?0.7580118955022959"></script>
<script defer src="//play.pokemonshowdown.com/js/battle.js?0.6057722274234274"></script>

<script defer src="js/utils.js?e31f9a17"></script>
<script defer src="js/replays-battle.js?7008c182"></script>

<!-- don't scrape this data! just add .json or .log after the URL!
Full API docs: https://github.com/smogon/pokemon-showdown-client/blob/master/WEB-API.md -->
<script type="text/plain" class="log" id="replaylog-smogtours-gen3ou-799503">
|inactive|Battle timer is ON: inactive players will automatically lose when time's up.
|t:|1729260030
|gametype|singles
|player|p1|beignet2|blue-gen3two|
|player|p2|RevivalTyp|102|
|teamsize|p1|6
|teamsize|p2|6
|gen|3
|tier|[Gen 3] OU
|rule|Sleep Clause Mod: Limit one foe put to sleep
|rule|Switch Priority Clause Mod: Faster Pokémon switch first
|rule|Species Clause: Limit one of each Pokémon
|rule|OHKO Clause: OHKO moves are banned
|rule|Evasion Items Clause: Evasion items are banned
|rule|Evasion Moves Clause: Evasion moves are banned
|rule|Endless Battle Clause: Forcing endless battles is banned
|rule|HP Percentage Mod: HP is shown in percentages
|rule|One Boost Passer Clause: Limit one Baton Passer that has a way to boost its stats
|rule|Freeze Clause Mod: Limit one foe frozen
|
|t:|1729260030
|start
|switch|p1a: ButtonClickerJones|Metagross|100/100
|switch|p2a: Electrode|Electrode|100/100
|turn|1
|
|t:|1729260037
|move|p2a: Electrode|Rain Dance|p2a: Electrode
|-weather|RainDance
|move|p1a: ButtonClickerJones|Earthquake|p2a: Electrode
|-supereffective|p2a: Electrode
|-damage|p2a: Electrode|0 fnt
|faint|p2a: Electrode
|
|t:|1729260045
|switch|p2a: Kingdra|Kingdra, M|100/100
|
|-weather|RainDance|[upkeep]
|upkeep
|turn|2
|
|t:|1729260050
|switch|p1a: Over Easy|Blissey, F|100/100
|move|p2a: Kingdra|Surf|p1a: Over Easy
|-damage|p1a: Over Easy|74/100
|
|-weather|RainDance|[upkeep]
|-heal|p1a: Over Easy|80/100|[from] item: Leftovers
|upkeep
|turn|3
|
|t:|1729260060
|switch|p2a: Ludicolo|Ludicolo, M|100/100
|move|p1a: Over Easy|Soft-Boiled|p1a: Over Easy
|-heal|p1a: Over Easy|100/100
|
|-weather|RainDance|[upkeep]
|upkeep
|turn|4
|
|t:|1729260069
|switch|p1a: Naptime|Breloom, F|100/100
|move|p2a: Ludicolo|Leech Seed|p1a: Naptime
|-immune|p1a: Naptime
|
|-weather|RainDance|[upkeep]
|upkeep
|turn|5
|
|t:|1729260080
|switch|p1a: Over Easy|Blissey, F|100/100
|move|p2a: Ludicolo|Surf|p1a: Over Easy
|-damage|p1a: Over Easy|73/100
|
|-weather|none
|-heal|p1a: Over Easy|79/100|[from] item: Leftovers
|upkeep
|turn|6
|
|t:|1729260089
|move|p2a: Ludicolo|Rain Dance|p2a: Ludicolo
|-weather|RainDance
|move|p1a: Over Easy|Ice Beam|p2a: Ludicolo
|-damage|p2a: Ludicolo|74/100
|
|-weather|RainDance|[upkeep]
|-heal|p2a: Ludicolo|80/100|[from] item: Leftovers
|-heal|p1a: Over Easy|85/100|[from] item: Leftovers
|upkeep
|turn|7
|
|t:|1729260097
|switch|p1a: Naptime|Breloom, F|100/100
|move|p2a: Ludicolo|Surf|p1a: Naptime
|-resisted|p1a: Naptime
|-damage|p1a: Naptime|34/100
|
|-weather|RainDance|[upkeep]
|-heal|p2a: Ludicolo|87/100|[from] item: Leftovers
|-heal|p1a: Naptime|40/100|[from] item: Leftovers
|upkeep
|turn|8
|
|t:|1729260106
|move|p2a: Ludicolo|Leech Seed|p1a: Naptime
|-immune|p1a: Naptime
|move|p1a: Naptime|Spore|p2a: Ludicolo
|-status|p2a: Ludicolo|slp|[from] move: Spore
|
|-weather|RainDance|[upkeep]
|-heal|p2a: Ludicolo|93/100 slp|[from] item: Leftovers
|-heal|p1a: Naptime|46/100|[from] item: Leftovers
|upkeep
|turn|9
|
|t:|1729260118
|-singleturn|p1a: Naptime|move: Focus Punch
|switch|p2a: Starmie|Starmie|100/100
|move|p1a: Naptime|Focus Punch|p2a: Starmie
|-resisted|p2a: Starmie
|-damage|p2a: Starmie|49/100
|
|-weather|RainDance|[upkeep]
|-heal|p2a: Starmie|55/100|[from] item: Leftovers
|-heal|p1a: Naptime|53/100|[from] item: Leftovers
|upkeep
|turn|10
|
|t:|1729260130
|switch|p1a: Over Easy|Blissey, F|85/100
|move|p2a: Starmie|Ice Beam|p1a: Over Easy
|-damage|p1a: Over Easy|74/100
|
|-weather|none
|-heal|p2a: Starmie|62/100|[from] item: Leftovers
|-heal|p1a: Over Easy|80/100|[from] item: Leftovers
|upkeep
|turn|11
|
|t:|1729260142
|switch|p2a: Ludicolo|Ludicolo, M|93/100 slp
|move|p1a: Over Easy|Calm Mind|p1a: Over Easy
|-boost|p1a: Over Easy|spa|1
|-boost|p1a: Over Easy|spd|1
|
|-heal|p2a: Ludicolo|99/100 slp|[from] item: Leftovers
|-heal|p1a: Over Easy|86/100|[from] item: Leftovers
|upkeep
|turn|12
|
|t:|1729260151
|cant|p2a: Ludicolo|slp
|move|p1a: Over Easy|Calm Mind|p1a: Over Easy
|-boost|p1a: Over Easy|spa|1
|-boost|p1a: Over Easy|spd|1
|
|-heal|p2a: Ludicolo|100/100 slp|[from] item: Leftovers
|-heal|p1a: Over Easy|92/100|[from] item: Leftovers
|upkeep
|turn|13
|
|t:|1729260158
|cant|p2a: Ludicolo|slp
|move|p1a: Over Easy|Ice Beam|p2a: Ludicolo
|-damage|p2a: Ludicolo|48/100 slp
|
|-heal|p2a: Ludicolo|54/100 slp|[from] item: Leftovers
|-heal|p1a: Over Easy|98/100|[from] item: Leftovers
|upkeep
|turn|14
|
|t:|1729260165
|cant|p2a: Ludicolo|slp
|move|p1a: Over Easy|Ice Beam|p2a: Ludicolo
|-crit|p2a: Ludicolo
|-damage|p2a: Ludicolo|0 fnt
|faint|p2a: Ludicolo
|
|t:|1729260192
|switch|p2a: Starmie|Starmie|62/100
|
|-heal|p2a: Starmie|68/100|[from] item: Leftovers
|-heal|p1a: Over Easy|100/100|[from] item: Leftovers
|upkeep
|turn|15
|
|t:|1729260199
|move|p2a: Starmie|Ice Beam|p1a: Over Easy
|-damage|p1a: Over Easy|95/100
|move|p1a: Over Easy|Thunderbolt|p2a: Starmie
|-supereffective|p2a: Starmie
|-damage|p2a: Starmie|0 fnt
|faint|p2a: Starmie
|inactive|RevivalTyp has 270 seconds left.
|c|☆RevivalTyp|gg
|-message|RevivalTyp forfeited.
|
|win|beignet2
|player|p2|
|c|☆beignet2|gg

</script>
<script type="application/json" class="data" id="replaydata-smogtours-gen3ou-799503">
{"id":"smogtours-gen3ou-799503","format":"[Gen 3] OU","players":["beignet2","RevivalTyp"],"uploadtime":1729260228,"views":81,"formatid":"gen3ou","rating":null,"private":0,"password":null}
</script>

<script defer src="js/replays.js?9d40a366"></script>
