<!DOCTYPE html>
<meta charset="utf-8" />
<meta name="viewport" content="width=device-width" />

<title>[Gen 3] OU: Deezcastforms vs. Amir - Replays - Pok&eacute;mon Showdown!</title>

<meta name="description" content="Watch a replay of a Pok&eacute;mon battle between Deezcastforms and Amir! Format: [Gen 3] OU; Date: Oct 25, 2024" />
<!--

Hey, you! Looking in the source for the replay log?

You can find them in JSON format, just add `.json` at the end of a replay URL.

https://replay.pokemonshowdown.com/gen7randomdoublesbattle-865046831.json

Or, if you only need the log itself, add `.log` instead:

https://replay.pokemonshowdown.com/gen7randomdoublesbattle-865046831.log

-->

<link rel="stylesheet" href="//pokemonshowdown.com/style/global.css?0.023195364461161105" />
<link rel="stylesheet" href="//play.pokemonshowdown.com/style/font-awesome.css?0.13261647063804238" />
<link rel="stylesheet" href="//play.pokemonshowdown.com/style/battle.css?0.8753245789963631" />
<link rel="stylesheet" href="//play.pokemonshowdown.com/style/utilichart.css?0.8627959624976733" />

<!-- Global site tag (gtag.js) - Google Analytics -->
<script async src="https://www.googletagmanager.com/gtag/js?id=UA-26211653-1"></script>
<script>
  window.dataLayer = window.dataLayer || [];
  function gtag(){dataLayer.push(arguments);}
  gtag('js', new Date());

  gtag('config', 'UA-26211653-1');
</script>
<!-- End Google Analytics -->
<!-- Venatus Ad Manager - Install in <HEAD> of page -->
	<script src="https://hb.vntsm.com/v3/live/ad-manager.min.js" type="text/javascript" data-site-id="642aba63ec9a7b11c3c9c1be" data-mode="scan" async></script>
<!-- / Venatus Ad Manager -->

<style>
	@media (max-width:820px) {
		.battle {
			margin: 0 auto;
		}
		.battle-log {
			margin: 7px auto 0;
			max-width: 640px;
			height: 300px;
			position: static;
		}
	}
	.optgroup {
		display: inline-block;
		line-height: 22px;
		font-size: 10pt;
	}
	.optgroup .button {
		height: 25px;
		padding-top: 0;
		padding-bottom: 0;
	}
	.optgroup button.button {
		padding-left: 12px;
		padding-right: 12px;
	}
	.linklist {
		list-style: none;
		margin: 0.5em 0;
		padding: 0;
	}
	.linklist li {
		padding: 2px 0;
	}
	.sidebar {
		float: left;
		width: 320px;
	}
	.bar-wrapper {
		max-width: 1100px;
		margin: 0 auto;
	}
	.bar-wrapper.has-sidebar {
		max-width: 1430px;
	}
	.mainbar {
		margin: 0;
		padding-right: 1px;
	}
	.mainbar.has-sidebar {
		margin-left: 330px;
	}
	@media (min-width: 1511px) {
		.sidebar {
			width: 400px;
		}
		.bar-wrapper.has-sidebar {
			max-width: 1510px;
		}
		.mainbar.has-sidebar {
			margin-left: 410px;
		}
	}
	.section.first-section {
		margin-top: 9px;
	}
	.blocklink small {
		white-space: normal;
	}
	.button {
		vertical-align: middle;
	}
	.replay-controls {
		padding-top: 10px;
	}
	.replay-controls h1 {
		font-size: 16pt;
		font-weight: normal;
		color: #CCC;
	}
	.pagelink {
		text-align: center;
	}
	.pagelink a {
		width: 150px;
	}
	.textbox, .button {
		font-size: 11pt;
		vertical-align: middle;
	}
	@media (max-width: 450px) {
		.button {
			font-size: 9pt;
		}
	}
</style>

<div>

	<header>
		<div class="nav-wrapper"><ul class="nav">
			<li><a class="button nav-first" href="//pokemonshowdown.com/"><img src="//pokemonshowdown.com/images/pokemonshowdownbeta.png" srcset="//pokemonshowdown.com/images/pokemonshowdownbeta.png 1x, //pokemonshowdown.com/images/pokemonshowdownbeta@2x.png 2x" alt="Pok&eacute;mon Showdown" width="146" height="44" /> Home</a></li>
			<li><a class="button" href="//pokemonshowdown.com/dex/">Pok&eacute;dex</a></li>
			<li><a class="button cur" href="/">Replays</a></li>
			<li><a class="button" href="//pokemonshowdown.com/ladder/">Ladder</a></li>
			<li><a class="button nav-last" href="//pokemonshowdown.com/forums/">Forum</a></li>
			<li><a class="button greenbutton nav-first nav-last" href="//play.pokemonshowdown.com/">Play</a></li>
		</ul></div>
	</header>

	<div class="main" id="main">

		<noscript><section class="section">You need to enable JavaScript to use this page; sorry!</section></noscript>

	</div>

</div>

<script defer nomodule src="//play.pokemonshowdown.com/js/lib/ps-polyfill.js"></script>
<script defer src="//play.pokemonshowdown.com/js/lib/preact.min.js"></script>

<script defer src="//play.pokemonshowdown.com/config/config.js?2bddbc15"></script>
<script defer src="//play.pokemonshowdown.com/js/lib/jquery-1.11.0.min.js"></script>
<script defer src="//play.pokemonshowdown.com/js/lib/html-sanitizer-minified.js"></script>
<script defer src="//play.pokemonshowdown.com/js/battle-sound.js"></script>
<script defer src="//play.pokemonshowdown.com/js/battledata.js?0.7209276989879541"></script>
<script defer src="//play.pokemonshowdown.com/data/pokedex-mini.js?0.6111056340867951"></script>
<script defer src="//play.pokemonshowdown.com/data/pokedex-mini-bw.js?0.3532142036491459"></script>
<script defer src="//play.pokemonshowdown.com/data/graphics.js?0.24223875632456182"></script>
<script defer src="//play.pokemonshowdown.com/data/pokedex.js?0.38839984266356864"></script>
<script defer src="//play.pokemonshowdown.com/data/moves.js?0.21866028504024015"></script>
<script defer src="//play.pokemonshowdown.com/data/abilities.js?0.2005157953846628"></script>
<script defer src="//play.pokemonshowdown.com/data/items.js?0.9894211263848525"></script>
<script defer src="//play.pokemonshowdown.com/data/teambuilder-tables.js?0.6008791140282215"></script>
<script defer src="//play.pokemonshowdown.com/js/battle-tooltips.js?0.7580118955022959"></script>
<script defer src="//play.pokemonshowdown.com/js/battle.js?0.6057722274234274"></script>

<script defer src="js/utils.js?e31f9a17"></script>
<script defer src="js/replays-battle.js?7008c182"></script>

<!-- don't scrape this data! just add .json or .log after the URL!
Full API docs: https://github.com/smogon/pokemon-showdown-client/blob/master/WEB-API.md -->
<script type="text/plain" class="log" id="replaylog-smogtours-gen3ou-801945">
|inactive|Battle timer is ON: inactive players will automatically lose when time's up.
|t:|1729893110
|gametype|singles
|player|p1|Deezcastforms|veteran-gen4|
|player|p2|Amir|acetrainerf-gen4dp|
|teamsize|p1|6
|teamsize|p2|6
|gen|3
|tier|[Gen 3] OU
|rule|Sleep Clause Mod: Limit one foe put to sleep
|rule|Switch Priority Clause Mod: Faster Pokémon switch first
|rule|Species Clause: Limit one of each Pokémon
|rule|OHKO Clause: OHKO moves are banned
|rule|Evasion Items Clause: Evasion items are banned
|rule|Evasion Moves Clause: Evasion moves are banned
|rule|Endless Battle Clause: Forcing endless battles is banned
|rule|HP Percentage Mod: HP is shown in percentages
|rule|One Boost Passer Clause: Limit one Baton Passer that has a way to boost its stats
|rule|Freeze Clause Mod: Limit one foe frozen
|
|t:|1729893110
|start
|switch|p1a: Hariyama|Hariyama, F|100/100
|switch|p2a: Aerodactyl|Aerodactyl, F|100/100
|turn|1
|
|t:|1729893131
|move|p2a: Aerodactyl|Thief|p1a: Hariyama
|-resisted|p1a: Hariyama
|-damage|p1a: Hariyama|98/100
|-enditem|p1a: Hariyama|Leftovers|[silent]|[from] move: Thief|[of] p2a: Aerodactyl
|-item|p2a: Aerodactyl|Leftovers|[from] move: Thief|[of] p1a: Hariyama
|move|p1a: Hariyama|Cross Chop|p2a: Aerodactyl
|-damage|p2a: Aerodactyl|31/100
|
|-heal|p2a: Aerodactyl|37/100|[from] item: Leftovers
|upkeep
|turn|2
|inactive|Amir has 270 seconds left.
|inactive|Amir has 240 seconds left.
|
|t:|1729893202
|switch|p2a: Gengar|Gengar, M, shiny|100/100
|move|p1a: Hariyama|Knock Off|p2a: Gengar
|-supereffective|p2a: Gengar
|-damage|p2a: Gengar|93/100
|-enditem|p2a: Gengar|Leftovers|[from] move: Knock Off|[of] p1a: Hariyama
|-hint|In Gens 3-4, Knock Off only makes the target's item unusable; it cannot obtain a new item.
|
|upkeep
|turn|3
|
|t:|1729893227
|switch|p2a: Smeargle|Smeargle, M, shiny|100/100
|switch|p1a: Tyranitar|Tyranitar, F|100/100
|-weather|Sandstorm|[from] ability: Sand Stream|[of] p1a: Tyranitar
|
|-weather|Sandstorm|[upkeep]
|-damage|p2a: Smeargle|95/100|[from] Sandstorm
|upkeep
|turn|4
|inactive|Amir has 210 seconds left.
|inactive|Deezcastforms has 270 seconds left.
|inactive|Deezcastforms has 240 seconds left.
|
|t:|1729893317
|switch|p1a: Blissey|Blissey, F|100/100
|move|p2a: Smeargle|Spore|p1a: Blissey
|-status|p1a: Blissey|slp|[from] move: Spore
|
|-weather|Sandstorm|[upkeep]
|-damage|p2a: Smeargle|89/100|[from] Sandstorm
|-damage|p1a: Blissey|94/100 slp|[from] Sandstorm
|-heal|p1a: Blissey|100/100 slp|[from] item: Leftovers
|upkeep
|turn|5
|inactive|Amir has 210 seconds left.
|
|t:|1729893352
|-curestatus|p1a: Blissey|slp|[from] ability: Natural Cure
|switch|p1a: Salamence|Salamence, M|100/100
|-ability|p1a: Salamence|Intimidate|boost
|-unboost|p2a: Smeargle|atk|1
|move|p2a: Smeargle|Spikes|p1a: Salamence
|-sidestart|p1: Deezcastforms|Spikes
|
|-weather|Sandstorm|[upkeep]
|-damage|p1a: Salamence|94/100|[from] Sandstorm
|-damage|p2a: Smeargle|83/100|[from] Sandstorm
|-heal|p1a: Salamence|100/100|[from] item: Leftovers
|upkeep
|turn|6
|inactive|Amir has 180 seconds left.
|
|t:|1729893367
|move|p1a: Salamence|Brick Break|p2a: Smeargle
|-supereffective|p2a: Smeargle
|-damage|p2a: Smeargle|0 fnt
|faint|p2a: Smeargle
|
|t:|1729893370
|switch|p2a: Gengar|Gengar, M, shiny|93/100
|
|-weather|Sandstorm|[upkeep]
|-damage|p2a: Gengar|87/100|[from] Sandstorm
|-damage|p1a: Salamence|94/100|[from] Sandstorm
|-heal|p1a: Salamence|100/100|[from] item: Leftovers
|upkeep
|turn|7
|inactive|Deezcastforms has 210 seconds left.
|
|t:|1729893401
|switch|p2a: Aerodactyl|Aerodactyl, F|37/100
|switch|p1a: Metagross|Metagross|100/100
|-damage|p1a: Metagross|88/100|[from] Spikes
|
|-weather|Sandstorm|[upkeep]
|-heal|p2a: Aerodactyl|43/100|[from] item: Leftovers
|-heal|p1a: Metagross|94/100|[from] item: Leftovers
|upkeep
|turn|8
|inactive|Deezcastforms has 210 seconds left.
|inactive|Amir has 180 seconds left.
|
|t:|1729893433
|move|p2a: Aerodactyl|Flamethrower|p1a: Metagross
|-supereffective|p1a: Metagross
|-damage|p1a: Metagross|63/100
|move|p1a: Metagross|Meteor Mash|p2a: Aerodactyl
|-supereffective|p2a: Aerodactyl
|-damage|p2a: Aerodactyl|0 fnt
|faint|p2a: Aerodactyl
|inactive|Amir has 150 seconds left.
|inactive|Amir has 120 seconds left.
|
|t:|1729893485
|switch|p2a: Swampert|Swampert, M, shiny|100/100
|
|-weather|Sandstorm|[upkeep]
|-heal|p1a: Metagross|69/100|[from] item: Leftovers
|upkeep
|turn|9
|inactive|Deezcastforms has 210 seconds left.
|inactive|Deezcastforms has 180 seconds left.
|
|t:|1729893531
|switch|p1a: Salamence|Salamence, M|100/100
|-ability|p1a: Salamence|Intimidate|boost
|-unboost|p2a: Swampert|atk|1
|move|p2a: Swampert|Substitute|p2a: Swampert
|-start|p2a: Swampert|Substitute
|-damage|p2a: Swampert|76/100
|
|-weather|Sandstorm|[upkeep]
|-damage|p1a: Salamence|94/100|[from] Sandstorm
|-heal|p1a: Salamence|100/100|[from] item: Leftovers
|upkeep
|turn|10
|
|t:|1729893549
|move|p1a: Salamence|Dragon Claw|p2a: Swampert
|-end|p2a: Swampert|Substitute
|move|p2a: Swampert|Substitute|p2a: Swampert
|-start|p2a: Swampert|Substitute
|-damage|p2a: Swampert|51/100
|
|-weather|Sandstorm|[upkeep]
|-damage|p1a: Salamence|94/100|[from] Sandstorm
|-heal|p1a: Salamence|100/100|[from] item: Leftovers
|upkeep
|turn|11
|inactive|Deezcastforms has 180 seconds left.
|
|t:|1729893565
|move|p1a: Salamence|Dragon Claw|p2a: Swampert
|-end|p2a: Swampert|Substitute
|move|p2a: Swampert|Substitute|p2a: Swampert
|-start|p2a: Swampert|Substitute
|-damage|p2a: Swampert|26/100
|
|-weather|Sandstorm|[upkeep]
|-damage|p1a: Salamence|94/100|[from] Sandstorm
|-heal|p1a: Salamence|100/100|[from] item: Leftovers
|upkeep
|turn|12
|inactive|Deezcastforms has 180 seconds left.
|
|t:|1729893576
|move|p1a: Salamence|Dragon Claw|p2a: Swampert
|-end|p2a: Swampert|Substitute
|move|p2a: Swampert|Substitute|p2a: Swampert
|-start|p2a: Swampert|Substitute
|-damage|p2a: Swampert|1/100
|
|-weather|Sandstorm|[upkeep]
|-damage|p1a: Salamence|94/100|[from] Sandstorm
|-heal|p1a: Salamence|100/100|[from] item: Leftovers
|-enditem|p2a: Swampert|Salac Berry|[eat]
|-boost|p2a: Swampert|spe|1|[from] item: Salac Berry
|upkeep
|turn|13
|inactive|Deezcastforms has 180 seconds left.
|
|t:|1729893601
|move|p2a: Swampert|Endeavor|p1a: Salamence
|-damage|p1a: Salamence|1/100
|move|p1a: Salamence|Dragon Claw|p2a: Swampert
|-end|p2a: Swampert|Substitute
|
|-weather|Sandstorm|[upkeep]
|-damage|p1a: Salamence|0 fnt|[from] Sandstorm
|faint|p1a: Salamence
|upkeep
|
|t:|1729893605
|switch|p1a: Forretress|Forretress, F|100/100
|-damage|p1a: Forretress|88/100|[from] Spikes
|turn|14
|inactive|Amir has 150 seconds left.
|
|t:|1729893624
|switch|p2a: Gengar|Gengar, M, shiny|87/100
|move|p1a: Forretress|Rapid Spin|p2a: Gengar
|-immune|p2a: Gengar
|
|-weather|Sandstorm|[upkeep]
|-damage|p2a: Gengar|81/100|[from] Sandstorm
|-heal|p1a: Forretress|94/100|[from] item: Leftovers
|upkeep
|turn|15
|inactive|Deezcastforms has 180 seconds left.
|
|t:|1729893645
|switch|p2a: Swampert|Swampert, M, shiny|1/100
|switch|p1a: Tyranitar|Tyranitar, F|100/100
|-damage|p1a: Tyranitar|88/100|[from] Spikes
|
|-weather|Sandstorm|[upkeep]
|-heal|p1a: Tyranitar|94/100|[from] item: Leftovers
|upkeep
|turn|16
|inactive|Deezcastforms has 180 seconds left.
|inactive|Amir has 150 seconds left.
|inactive|Deezcastforms has 150 seconds left.
|
|t:|1729893683
|switch|p1a: Blissey|Blissey, F|100/100
|-damage|p1a: Blissey|88/100|[from] Spikes
|move|p2a: Swampert|Hydro Pump|p1a: Blissey
|-damage|p1a: Blissey|62/100
|
|-weather|Sandstorm|[upkeep]
|-damage|p1a: Blissey|56/100|[from] Sandstorm
|-heal|p1a: Blissey|62/100|[from] item: Leftovers
|upkeep
|turn|17
|inactive|Amir has 150 seconds left.
|inactive|Deezcastforms has 150 seconds left.
|
|t:|1729893707
|switch|p2a: Metagross|Metagross, shiny|100/100
|move|p1a: Blissey|Soft-Boiled|p1a: Blissey
|-heal|p1a: Blissey|100/100
|
|-weather|Sandstorm|[upkeep]
|-damage|p1a: Blissey|94/100|[from] Sandstorm
|-heal|p1a: Blissey|100/100|[from] item: Leftovers
|upkeep
|turn|18
|
|t:|1729893713
|switch|p2a: Swampert|Swampert, M, shiny|1/100
|switch|p1a: Forretress|Forretress, F|94/100
|-damage|p1a: Forretress|82/100|[from] Spikes
|
|-weather|Sandstorm|[upkeep]
|-heal|p1a: Forretress|88/100|[from] item: Leftovers
|upkeep
|turn|19
|inactive|Amir has 150 seconds left.
|
|t:|1729893730
|move|p2a: Swampert|Hydro Pump|p1a: Forretress
|-crit|p1a: Forretress
|-damage|p1a: Forretress|0 fnt
|faint|p1a: Forretress
|inactive|Deezcastforms has 150 seconds left.
|
|t:|1729893769
|switch|p1a: Blissey|Blissey, F|100/100
|-damage|p1a: Blissey|88/100|[from] Spikes
|
|-weather|Sandstorm|[upkeep]
|-damage|p1a: Blissey|82/100|[from] Sandstorm
|-heal|p1a: Blissey|88/100|[from] item: Leftovers
|upkeep
|turn|20
|inactive|Amir has 150 seconds left.
|
|t:|1729893804
|move|p2a: Swampert|Endeavor|p1a: Blissey
|-damage|p1a: Blissey|1/100
|move|p1a: Blissey|Seismic Toss|p2a: Swampert
|-damage|p2a: Swampert|0 fnt
|faint|p2a: Swampert
|inactive|Amir has 120 seconds left.
|
|t:|1729893824
|switch|p2a: Tyranitar|Tyranitar, M|100/100
|
|-weather|Sandstorm|[upkeep]
|-damage|p1a: Blissey|0 fnt|[from] Sandstorm
|faint|p1a: Blissey
|upkeep
|
|t:|1729893832
|switch|p1a: Hariyama|Hariyama, F|98/100
|-damage|p1a: Hariyama|85/100|[from] Spikes
|turn|21
|inactive|Amir has 120 seconds left.
|
|t:|1729893853
|switch|p2a: Gengar|Gengar, M, shiny|81/100
|switch|p1a: Tyranitar|Tyranitar, F|94/100
|-damage|p1a: Tyranitar|82/100|[from] Spikes
|
|-weather|Sandstorm|[upkeep]
|-damage|p2a: Gengar|74/100|[from] Sandstorm
|-heal|p1a: Tyranitar|88/100|[from] item: Leftovers
|upkeep
|turn|22
|inactive|Amir has 120 seconds left.
|
|t:|1729893864
|move|p2a: Gengar|Explosion|p1a: Tyranitar
|-resisted|p1a: Tyranitar
|-damage|p1a: Tyranitar|58/100
|faint|p2a: Gengar
|
|t:|1729893873
|switch|p2a: Tyranitar|Tyranitar, M|100/100
|
|-weather|Sandstorm|[upkeep]
|-heal|p1a: Tyranitar|64/100|[from] item: Leftovers
|upkeep
|turn|23
|
|t:|1729893880
|switch|p1a: Hariyama|Hariyama, F|85/100
|-damage|p1a: Hariyama|73/100|[from] Spikes
|move|p2a: Tyranitar|Dragon Dance|p2a: Tyranitar
|-boost|p2a: Tyranitar|atk|1
|-boost|p2a: Tyranitar|spe|1
|
|-weather|Sandstorm|[upkeep]
|-damage|p1a: Hariyama|67/100|[from] Sandstorm
|upkeep
|turn|24
|
|t:|1729893886
|move|p2a: Tyranitar|Earthquake|p1a: Hariyama
|-damage|p1a: Hariyama|21/100
|move|p1a: Hariyama|Cross Chop|p2a: Tyranitar
|-supereffective|p2a: Tyranitar
|-damage|p2a: Tyranitar|0 fnt
|faint|p2a: Tyranitar
|
|t:|1729893890
|switch|p2a: Metagross|Metagross, shiny|100/100
|
|-weather|Sandstorm|[upkeep]
|-damage|p1a: Hariyama|15/100|[from] Sandstorm
|upkeep
|turn|25
|inactive|Amir has 120 seconds left.
|inactive|Amir has 90 seconds left.
|
|t:|1729893951
|move|p2a: Metagross|Agility|p2a: Metagross
|-boost|p2a: Metagross|spe|2
|move|p1a: Hariyama|Cross Chop|p2a: Metagross
|-damage|p2a: Metagross|61/100
|
|-weather|Sandstorm|[upkeep]
|-damage|p1a: Hariyama|9/100|[from] Sandstorm
|upkeep
|turn|26
|inactive|Amir has 90 seconds left.
|
|t:|1729893962
|move|p2a: Metagross|Earthquake|p1a: Hariyama
|-damage|p1a: Hariyama|0 fnt
|faint|p1a: Hariyama
|
|t:|1729893965
|switch|p1a: Metagross|Metagross|69/100
|-damage|p1a: Metagross|57/100|[from] Spikes
|
|-weather|Sandstorm|[upkeep]
|-heal|p1a: Metagross|63/100|[from] item: Leftovers
|upkeep
|turn|27
|
|t:|1729893969
|move|p1a: Metagross|Protect|p1a: Metagross
|-singleturn|p1a: Metagross|Protect
|move|p2a: Metagross|Earthquake|p1a: Metagross
|-activate|p1a: Metagross|Protect
|
|-weather|Sandstorm|[upkeep]
|-heal|p1a: Metagross|69/100|[from] item: Leftovers
|upkeep
|turn|28
|
|t:|1729893977
|move|p2a: Metagross|Earthquake|p1a: Metagross
|-supereffective|p1a: Metagross
|-damage|p1a: Metagross|12/100
|move|p1a: Metagross|Explosion|p2a: Metagross
|-resisted|p2a: Metagross
|-damage|p2a: Metagross|0 fnt
|faint|p1a: Metagross
|faint|p2a: Metagross
|
|win|Deezcastforms
|player|p1|

</script>
<script type="application/json" class="data" id="replaydata-smogtours-gen3ou-801945">
{"id":"smogtours-gen3ou-801945","format":"[Gen 3] OU","players":["Deezcastforms","Amir"],"uploadtime":1729893977,"views":95,"formatid":"gen3ou","rating":null,"private":1,"password":null}
</script>

<script defer src="js/replays.js?9d40a366"></script>
