<!DOCTYPE html>
<meta charset="utf-8" />
<meta name="viewport" content="width=device-width" />

<title>[Gen 3] OU: jimothy non-subs vs. 1HPWonder - Replays - Pok&eacute;mon Showdown!</title>

<meta name="description" content="Watch a replay of a Pok&eacute;mon battle between jimothy non-subs and 1HPWonder! Format: [Gen 3] OU; Date: Oct 12, 2024" />
<!--

Hey, you! Looking in the source for the replay log?

You can find them in JSON format, just add `.json` at the end of a replay URL.

https://replay.pokemonshowdown.com/gen7randomdoublesbattle-865046831.json

Or, if you only need the log itself, add `.log` instead:

https://replay.pokemonshowdown.com/gen7randomdoublesbattle-865046831.log

-->

<link rel="stylesheet" href="//pokemonshowdown.com/style/global.css?0.023195364461161105" />
<link rel="stylesheet" href="//play.pokemonshowdown.com/style/font-awesome.css?0.13261647063804238" />
<link rel="stylesheet" href="//play.pokemonshowdown.com/style/battle.css?0.8753245789963631" />
<link rel="stylesheet" href="//play.pokemonshowdown.com/style/utilichart.css?0.8627959624976733" />

<!-- Global site tag (gtag.js) - Google Analytics -->
<script async src="https://www.googletagmanager.com/gtag/js?id=UA-26211653-1"></script>
<script>
  window.dataLayer = window.dataLayer || [];
  function gtag(){dataLayer.push(arguments);}
  gtag('js', new Date());

  gtag('config', 'UA-26211653-1');
</script>
<!-- End Google Analytics -->
<!-- Venatus Ad Manager - Install in <HEAD> of page -->
	<script src="https://hb.vntsm.com/v3/live/ad-manager.min.js" type="text/javascript" data-site-id="642aba63ec9a7b11c3c9c1be" data-mode="scan" async></script>
<!-- / Venatus Ad Manager -->

<style>
	@media (max-width:820px) {
		.battle {
			margin: 0 auto;
		}
		.battle-log {
			margin: 7px auto 0;
			max-width: 640px;
			height: 300px;
			position: static;
		}
	}
	.optgroup {
		display: inline-block;
		line-height: 22px;
		font-size: 10pt;
	}
	.optgroup .button {
		height: 25px;
		padding-top: 0;
		padding-bottom: 0;
	}
	.optgroup button.button {
		padding-left: 12px;
		padding-right: 12px;
	}
	.linklist {
		list-style: none;
		margin: 0.5em 0;
		padding: 0;
	}
	.linklist li {
		padding: 2px 0;
	}
	.sidebar {
		float: left;
		width: 320px;
	}
	.bar-wrapper {
		max-width: 1100px;
		margin: 0 auto;
	}
	.bar-wrapper.has-sidebar {
		max-width: 1430px;
	}
	.mainbar {
		margin: 0;
		padding-right: 1px;
	}
	.mainbar.has-sidebar {
		margin-left: 330px;
	}
	@media (min-width: 1511px) {
		.sidebar {
			width: 400px;
		}
		.bar-wrapper.has-sidebar {
			max-width: 1510px;
		}
		.mainbar.has-sidebar {
			margin-left: 410px;
		}
	}
	.section.first-section {
		margin-top: 9px;
	}
	.blocklink small {
		white-space: normal;
	}
	.button {
		vertical-align: middle;
	}
	.replay-controls {
		padding-top: 10px;
	}
	.replay-controls h1 {
		font-size: 16pt;
		font-weight: normal;
		color: #CCC;
	}
	.pagelink {
		text-align: center;
	}
	.pagelink a {
		width: 150px;
	}
	.textbox, .button {
		font-size: 11pt;
		vertical-align: middle;
	}
	@media (max-width: 450px) {
		.button {
			font-size: 9pt;
		}
	}
</style>

<div>

	<header>
		<div class="nav-wrapper"><ul class="nav">
			<li><a class="button nav-first" href="//pokemonshowdown.com/"><img src="//pokemonshowdown.com/images/pokemonshowdownbeta.png" srcset="//pokemonshowdown.com/images/pokemonshowdownbeta.png 1x, //pokemonshowdown.com/images/pokemonshowdownbeta@2x.png 2x" alt="Pok&eacute;mon Showdown" width="146" height="44" /> Home</a></li>
			<li><a class="button" href="//pokemonshowdown.com/dex/">Pok&eacute;dex</a></li>
			<li><a class="button cur" href="/">Replays</a></li>
			<li><a class="button" href="//pokemonshowdown.com/ladder/">Ladder</a></li>
			<li><a class="button nav-last" href="//pokemonshowdown.com/forums/">Forum</a></li>
			<li><a class="button greenbutton nav-first nav-last" href="//play.pokemonshowdown.com/">Play</a></li>
		</ul></div>
	</header>

	<div class="main" id="main">

		<noscript><section class="section">You need to enable JavaScript to use this page; sorry!</section></noscript>

	</div>

</div>

<script defer nomodule src="//play.pokemonshowdown.com/js/lib/ps-polyfill.js"></script>
<script defer src="//play.pokemonshowdown.com/js/lib/preact.min.js"></script>

<script defer src="//play.pokemonshowdown.com/config/config.js?2bddbc15"></script>
<script defer src="//play.pokemonshowdown.com/js/lib/jquery-1.11.0.min.js"></script>
<script defer src="//play.pokemonshowdown.com/js/lib/html-sanitizer-minified.js"></script>
<script defer src="//play.pokemonshowdown.com/js/battle-sound.js"></script>
<script defer src="//play.pokemonshowdown.com/js/battledata.js?0.7209276989879541"></script>
<script defer src="//play.pokemonshowdown.com/data/pokedex-mini.js?0.6111056340867951"></script>
<script defer src="//play.pokemonshowdown.com/data/pokedex-mini-bw.js?0.3532142036491459"></script>
<script defer src="//play.pokemonshowdown.com/data/graphics.js?0.24223875632456182"></script>
<script defer src="//play.pokemonshowdown.com/data/pokedex.js?0.38839984266356864"></script>
<script defer src="//play.pokemonshowdown.com/data/moves.js?0.21866028504024015"></script>
<script defer src="//play.pokemonshowdown.com/data/abilities.js?0.2005157953846628"></script>
<script defer src="//play.pokemonshowdown.com/data/items.js?0.9894211263848525"></script>
<script defer src="//play.pokemonshowdown.com/data/teambuilder-tables.js?0.6008791140282215"></script>
<script defer src="//play.pokemonshowdown.com/js/battle-tooltips.js?0.7580118955022959"></script>
<script defer src="//play.pokemonshowdown.com/js/battle.js?0.6057722274234274"></script>

<script defer src="js/utils.js?e31f9a17"></script>
<script defer src="js/replays-battle.js?7008c182"></script>

<!-- don't scrape this data! just add .json or .log after the URL!
Full API docs: https://github.com/smogon/pokemon-showdown-client/blob/master/WEB-API.md -->
<script type="text/plain" class="log" id="replaylog-smogtours-gen3ou-797649">
|inactive|Battle timer is ON: inactive players will automatically lose when time's up.
|t:|1728756960
|gametype|singles
|player|p1|jimothy non-subs|2|
|player|p2|1HPWonder|169|
|teamsize|p1|6
|teamsize|p2|6
|gen|3
|tier|[Gen 3] OU
|rule|Sleep Clause Mod: Limit one foe put to sleep
|rule|Switch Priority Clause Mod: Faster Pokémon switch first
|rule|Species Clause: Limit one of each Pokémon
|rule|OHKO Clause: OHKO moves are banned
|rule|Evasion Items Clause: Evasion items are banned
|rule|Evasion Moves Clause: Evasion moves are banned
|rule|Endless Battle Clause: Forcing endless battles is banned
|rule|HP Percentage Mod: HP is shown in percentages
|rule|One Boost Passer Clause: Limit one Baton Passer that has a way to boost its stats
|rule|Freeze Clause Mod: Limit one foe frozen
|
|t:|1728756960
|start
|switch|p1a: Snorlax|Snorlax, M|100/100
|switch|p2a: Tyranitar|Tyranitar, M|100/100
|-weather|Sandstorm|[from] ability: Sand Stream|[of] p2a: Tyranitar
|turn|1
|
|t:|1728756971
|-singleturn|p2a: Tyranitar|move: Focus Punch
|move|p1a: Snorlax|Earthquake|p2a: Tyranitar
|-supereffective|p2a: Tyranitar
|-damage|p2a: Tyranitar|53/100
|move|p2a: Tyranitar|Focus Punch||[still]
|cant|p2a: Tyranitar|Focus Punch|Focus Punch
|
|-weather|Sandstorm|[upkeep]
|-damage|p1a: Snorlax|94/100|[from] Sandstorm
|-heal|p2a: Tyranitar|59/100|[from] item: Leftovers
|-heal|p1a: Snorlax|100/100|[from] item: Leftovers
|upkeep
|turn|2
|
|t:|1728756977
|move|p2a: Tyranitar|Rock Slide|p1a: Snorlax
|-damage|p1a: Snorlax|60/100
|move|p1a: Snorlax|Shadow Ball|p2a: Tyranitar
|-resisted|p2a: Tyranitar
|-damage|p2a: Tyranitar|50/100
|
|-weather|Sandstorm|[upkeep]
|-damage|p1a: Snorlax|54/100|[from] Sandstorm
|-heal|p2a: Tyranitar|56/100|[from] item: Leftovers
|-heal|p1a: Snorlax|60/100|[from] item: Leftovers
|upkeep
|turn|3
|
|t:|1728756984
|move|p2a: Tyranitar|Rock Slide|p1a: Snorlax
|-damage|p1a: Snorlax|26/100
|move|p1a: Snorlax|Earthquake|p2a: Tyranitar
|-supereffective|p2a: Tyranitar
|-damage|p2a: Tyranitar|8/100
|
|-weather|Sandstorm|[upkeep]
|-damage|p1a: Snorlax|20/100|[from] Sandstorm
|-heal|p2a: Tyranitar|15/100|[from] item: Leftovers
|-heal|p1a: Snorlax|26/100|[from] item: Leftovers
|upkeep
|turn|4
|
|t:|1728756993
|switch|p1a: Claydol|Claydol|100/100
|move|p2a: Tyranitar|Rock Slide|p1a: Claydol
|-resisted|p1a: Claydol
|-damage|p1a: Claydol|79/100
|
|-weather|Sandstorm|[upkeep]
|-heal|p1a: Claydol|85/100|[from] item: Leftovers
|-heal|p2a: Tyranitar|21/100|[from] item: Leftovers
|upkeep
|turn|5
|
|t:|1728756998
|switch|p2a: Snorlax|Snorlax, F|100/100
|move|p1a: Claydol|Earthquake|p2a: Snorlax
|-damage|p2a: Snorlax|73/100
|
|-weather|Sandstorm|[upkeep]
|-damage|p2a: Snorlax|67/100|[from] Sandstorm
|-heal|p1a: Claydol|92/100|[from] item: Leftovers
|-heal|p2a: Snorlax|73/100|[from] item: Leftovers
|upkeep
|turn|6
|
|t:|1728757017
|switch|p1a: Suicune|Suicune|100/100
|move|p2a: Snorlax|Body Slam|p1a: Suicune
|-damage|p1a: Suicune|67/100
|-status|p1a: Suicune|par
|
|-weather|Sandstorm|[upkeep]
|-damage|p2a: Snorlax|67/100|[from] Sandstorm
|-damage|p1a: Suicune|61/100 par|[from] Sandstorm
|-heal|p2a: Snorlax|73/100|[from] item: Leftovers
|-heal|p1a: Suicune|67/100 par|[from] item: Leftovers
|upkeep
|turn|7
|
|t:|1728757024
|move|p2a: Snorlax|Self-Destruct|p1a: Suicune
|-damage|p1a: Suicune|0 fnt
|faint|p2a: Snorlax
|faint|p1a: Suicune
|
|t:|1728757037
|switch|p1a: Claydol|Claydol|92/100
|switch|p2a: Metagross|Metagross|100/100
|
|-weather|Sandstorm|[upkeep]
|-heal|p1a: Claydol|98/100|[from] item: Leftovers
|upkeep
|turn|8
|
|t:|1728757043
|move|p2a: Metagross|Meteor Mash|p1a: Claydol
|-damage|p1a: Claydol|50/100
|move|p1a: Claydol|Sunny Day|p1a: Claydol
|-weather|SunnyDay
|
|-weather|SunnyDay|[upkeep]
|-heal|p1a: Claydol|56/100|[from] item: Leftovers
|upkeep
|turn|9
|
|t:|1728757054
|switch|p1a: Snorlax|Snorlax, M|26/100
|move|p2a: Metagross|Meteor Mash|p1a: Snorlax
|-damage|p1a: Snorlax|0 fnt
|-boost|p2a: Metagross|atk|1
|faint|p1a: Snorlax
|
|t:|1728757056
|switch|p1a: Charizard|Charizard, M|100/100
|
|-weather|SunnyDay|[upkeep]
|upkeep
|turn|10
|
|t:|1728757064
|move|p2a: Metagross|Protect|p2a: Metagross
|-singleturn|p2a: Metagross|Protect
|move|p1a: Charizard|Substitute|p1a: Charizard
|-start|p1a: Charizard|Substitute
|-damage|p1a: Charizard|75/100
|
|-weather|SunnyDay|[upkeep]
|upkeep
|turn|11
|
|t:|1728757075
|switch|p2a: Tyranitar|Tyranitar, M|21/100
|-weather|Sandstorm|[from] ability: Sand Stream|[of] p2a: Tyranitar
|move|p1a: Charizard|Fire Blast|p2a: Tyranitar
|-resisted|p2a: Tyranitar
|-crit|p2a: Tyranitar
|-damage|p2a: Tyranitar|0 fnt
|faint|p2a: Tyranitar
|
|t:|1728757083
|switch|p2a: Claydol|Claydol|100/100
|
|-weather|Sandstorm|[upkeep]
|-damage|p1a: Charizard|69/100|[from] Sandstorm
|upkeep
|turn|12
|
|t:|1728757087
|move|p1a: Charizard|Fire Blast|p2a: Claydol
|-damage|p2a: Claydol|51/100
|move|p2a: Claydol|Psychic|p1a: Charizard
|-end|p1a: Charizard|Substitute
|
|-weather|Sandstorm|[upkeep]
|-damage|p1a: Charizard|63/100|[from] Sandstorm
|-heal|p2a: Claydol|57/100|[from] item: Leftovers
|upkeep
|turn|13
|
|t:|1728757094
|switch|p1a: Claydol|Claydol|56/100
|move|p2a: Claydol|Psychic|p1a: Claydol
|-resisted|p1a: Claydol
|-damage|p1a: Claydol|48/100
|
|-weather|Sandstorm|[upkeep]
|-heal|p2a: Claydol|63/100|[from] item: Leftovers
|-heal|p1a: Claydol|54/100|[from] item: Leftovers
|upkeep
|turn|14
|
|t:|1728757100
|switch|p2a: Metagross|Metagross|100/100
|move|p1a: Claydol|Sunny Day|p1a: Claydol
|-weather|SunnyDay
|
|-weather|SunnyDay|[upkeep]
|-heal|p1a: Claydol|60/100|[from] item: Leftovers
|upkeep
|turn|15
|
|t:|1728757107
|switch|p2a: Charizard|Charizard, F|100/100
|move|p1a: Claydol|Earthquake|p2a: Charizard
|-immune|p2a: Charizard
|
|-weather|SunnyDay|[upkeep]
|-heal|p1a: Claydol|67/100|[from] item: Leftovers
|upkeep
|turn|16
|
|t:|1728757111
|-singleturn|p2a: Charizard|move: Focus Punch
|move|p1a: Claydol|Explosion|p2a: Charizard
|-damage|p2a: Charizard|0 fnt
|faint|p1a: Claydol
|faint|p2a: Charizard
|
|t:|1728757120
|switch|p2a: Metagross|Metagross|100/100
|switch|p1a: Charizard|Charizard, M|63/100
|
|-weather|SunnyDay|[upkeep]
|upkeep
|turn|17
|
|t:|1728757124
|move|p2a: Metagross|Protect|p2a: Metagross
|-singleturn|p2a: Metagross|Protect
|move|p1a: Charizard|Fire Blast|p2a: Metagross
|-activate|p2a: Metagross|Protect
|
|-weather|SunnyDay|[upkeep]
|upkeep
|turn|18
|
|t:|1728757127
|switch|p2a: Claydol|Claydol|63/100
|move|p1a: Charizard|Fire Blast|p2a: Claydol
|-damage|p2a: Claydol|0 fnt
|faint|p2a: Claydol
|
|t:|1728757131
|switch|p2a: Metagross|Metagross|100/100
|
|-weather|none
|upkeep
|turn|19
|
|t:|1728757136
|move|p1a: Charizard|Substitute|p1a: Charizard
|-start|p1a: Charizard|Substitute
|-damage|p1a: Charizard|38/100
|move|p2a: Metagross|Meteor Mash|p1a: Charizard
|-resisted|p1a: Charizard
|-end|p1a: Charizard|Substitute
|
|upkeep
|turn|20
|
|t:|1728757139
|move|p1a: Charizard|Substitute|p1a: Charizard
|-start|p1a: Charizard|Substitute
|-damage|p1a: Charizard|13/100
|move|p2a: Metagross|Meteor Mash|p1a: Charizard
|-resisted|p1a: Charizard
|-end|p1a: Charizard|Substitute
|
|-enditem|p1a: Charizard|Petaya Berry|[eat]
|-boost|p1a: Charizard|spa|1|[from] item: Petaya Berry
|upkeep
|turn|21
|
|t:|1728757142
|move|p1a: Charizard|Fire Blast|p2a: Metagross
|-supereffective|p2a: Metagross
|-damage|p2a: Metagross|0 fnt
|faint|p2a: Metagross
|
|t:|1728757145
|switch|p2a: Starmie|Starmie|100/100
|
|upkeep
|turn|22
|
|t:|1728757149
|move|p2a: Starmie|Thunderbolt|p1a: Charizard
|-supereffective|p1a: Charizard
|-damage|p1a: Charizard|0 fnt
|faint|p1a: Charizard
|
|t:|1728757153
|switch|p1a: Raikou|Raikou|100/100
|
|upkeep
|turn|23
|
|t:|1728757158
|move|p2a: Starmie|Ice Beam|p1a: Raikou
|-damage|p1a: Raikou|69/100
|move|p1a: Raikou|Thunderbolt|p2a: Starmie
|-supereffective|p2a: Starmie
|-damage|p2a: Starmie|0 fnt
|faint|p2a: Starmie
|
|win|jimothy non-subs

</script>
<script type="application/json" class="data" id="replaydata-smogtours-gen3ou-797649">
{"id":"smogtours-gen3ou-797649","format":"[Gen 3] OU","players":["jimothy non-subs","1HPWonder"],"uploadtime":1728757158,"views":86,"formatid":"gen3ou","rating":null,"private":0,"password":null}
</script>

<script defer src="js/replays.js?9d40a366"></script>
