<!DOCTYPE html>
<meta charset="utf-8" />
<meta name="viewport" content="width=device-width" />

<title>[Gen 3] OU: udm31 vs. shadowinger - Replays - Pok&eacute;mon Showdown!</title>

<meta name="description" content="Watch a replay of a Pok&eacute;mon battle between udm31 and shadowinger! Format: [Gen 3] OU; Date: Oct 24, 2024" />
<!--

Hey, you! Looking in the source for the replay log?

You can find them in JSON format, just add `.json` at the end of a replay URL.

https://replay.pokemonshowdown.com/gen7randomdoublesbattle-865046831.json

Or, if you only need the log itself, add `.log` instead:

https://replay.pokemonshowdown.com/gen7randomdoublesbattle-865046831.log

-->

<link rel="stylesheet" href="//pokemonshowdown.com/style/global.css?0.023195364461161105" />
<link rel="stylesheet" href="//play.pokemonshowdown.com/style/font-awesome.css?0.13261647063804238" />
<link rel="stylesheet" href="//play.pokemonshowdown.com/style/battle.css?0.8753245789963631" />
<link rel="stylesheet" href="//play.pokemonshowdown.com/style/utilichart.css?0.8627959624976733" />

<!-- Global site tag (gtag.js) - Google Analytics -->
<script async src="https://www.googletagmanager.com/gtag/js?id=UA-26211653-1"></script>
<script>
  window.dataLayer = window.dataLayer || [];
  function gtag(){dataLayer.push(arguments);}
  gtag('js', new Date());

  gtag('config', 'UA-26211653-1');
</script>
<!-- End Google Analytics -->
<!-- Venatus Ad Manager - Install in <HEAD> of page -->
	<script src="https://hb.vntsm.com/v3/live/ad-manager.min.js" type="text/javascript" data-site-id="642aba63ec9a7b11c3c9c1be" data-mode="scan" async></script>
<!-- / Venatus Ad Manager -->

<style>
	@media (max-width:820px) {
		.battle {
			margin: 0 auto;
		}
		.battle-log {
			margin: 7px auto 0;
			max-width: 640px;
			height: 300px;
			position: static;
		}
	}
	.optgroup {
		display: inline-block;
		line-height: 22px;
		font-size: 10pt;
	}
	.optgroup .button {
		height: 25px;
		padding-top: 0;
		padding-bottom: 0;
	}
	.optgroup button.button {
		padding-left: 12px;
		padding-right: 12px;
	}
	.linklist {
		list-style: none;
		margin: 0.5em 0;
		padding: 0;
	}
	.linklist li {
		padding: 2px 0;
	}
	.sidebar {
		float: left;
		width: 320px;
	}
	.bar-wrapper {
		max-width: 1100px;
		margin: 0 auto;
	}
	.bar-wrapper.has-sidebar {
		max-width: 1430px;
	}
	.mainbar {
		margin: 0;
		padding-right: 1px;
	}
	.mainbar.has-sidebar {
		margin-left: 330px;
	}
	@media (min-width: 1511px) {
		.sidebar {
			width: 400px;
		}
		.bar-wrapper.has-sidebar {
			max-width: 1510px;
		}
		.mainbar.has-sidebar {
			margin-left: 410px;
		}
	}
	.section.first-section {
		margin-top: 9px;
	}
	.blocklink small {
		white-space: normal;
	}
	.button {
		vertical-align: middle;
	}
	.replay-controls {
		padding-top: 10px;
	}
	.replay-controls h1 {
		font-size: 16pt;
		font-weight: normal;
		color: #CCC;
	}
	.pagelink {
		text-align: center;
	}
	.pagelink a {
		width: 150px;
	}
	.textbox, .button {
		font-size: 11pt;
		vertical-align: middle;
	}
	@media (max-width: 450px) {
		.button {
			font-size: 9pt;
		}
	}
</style>

<div>

	<header>
		<div class="nav-wrapper"><ul class="nav">
			<li><a class="button nav-first" href="//pokemonshowdown.com/"><img src="//pokemonshowdown.com/images/pokemonshowdownbeta.png" srcset="//pokemonshowdown.com/images/pokemonshowdownbeta.png 1x, //pokemonshowdown.com/images/pokemonshowdownbeta@2x.png 2x" alt="Pok&eacute;mon Showdown" width="146" height="44" /> Home</a></li>
			<li><a class="button" href="//pokemonshowdown.com/dex/">Pok&eacute;dex</a></li>
			<li><a class="button cur" href="/">Replays</a></li>
			<li><a class="button" href="//pokemonshowdown.com/ladder/">Ladder</a></li>
			<li><a class="button nav-last" href="//pokemonshowdown.com/forums/">Forum</a></li>
			<li><a class="button greenbutton nav-first nav-last" href="//play.pokemonshowdown.com/">Play</a></li>
		</ul></div>
	</header>

	<div class="main" id="main">

		<noscript><section class="section">You need to enable JavaScript to use this page; sorry!</section></noscript>

	</div>

</div>

<script defer nomodule src="//play.pokemonshowdown.com/js/lib/ps-polyfill.js"></script>
<script defer src="//play.pokemonshowdown.com/js/lib/preact.min.js"></script>

<script defer src="//play.pokemonshowdown.com/config/config.js?2bddbc15"></script>
<script defer src="//play.pokemonshowdown.com/js/lib/jquery-1.11.0.min.js"></script>
<script defer src="//play.pokemonshowdown.com/js/lib/html-sanitizer-minified.js"></script>
<script defer src="//play.pokemonshowdown.com/js/battle-sound.js"></script>
<script defer src="//play.pokemonshowdown.com/js/battledata.js?0.7209276989879541"></script>
<script defer src="//play.pokemonshowdown.com/data/pokedex-mini.js?0.6111056340867951"></script>
<script defer src="//play.pokemonshowdown.com/data/pokedex-mini-bw.js?0.3532142036491459"></script>
<script defer src="//play.pokemonshowdown.com/data/graphics.js?0.24223875632456182"></script>
<script defer src="//play.pokemonshowdown.com/data/pokedex.js?0.38839984266356864"></script>
<script defer src="//play.pokemonshowdown.com/data/moves.js?0.21866028504024015"></script>
<script defer src="//play.pokemonshowdown.com/data/abilities.js?0.2005157953846628"></script>
<script defer src="//play.pokemonshowdown.com/data/items.js?0.9894211263848525"></script>
<script defer src="//play.pokemonshowdown.com/data/teambuilder-tables.js?0.6008791140282215"></script>
<script defer src="//play.pokemonshowdown.com/js/battle-tooltips.js?0.7580118955022959"></script>
<script defer src="//play.pokemonshowdown.com/js/battle.js?0.6057722274234274"></script>

<script defer src="js/utils.js?e31f9a17"></script>
<script defer src="js/replays-battle.js?7008c182"></script>

<!-- don't scrape this data! just add .json or .log after the URL!
Full API docs: https://github.com/smogon/pokemon-showdown-client/blob/master/WEB-API.md -->
<script type="text/plain" class="log" id="replaylog-smogtours-gen3ou-801632">
|inactive|Battle timer is ON: inactive players will automatically lose when time's up.
|t:|1729800508
|gametype|singles
|player|p1|udm31|lucas|
|player|p2|shadowinger|2|
|teamsize|p1|6
|teamsize|p2|6
|gen|3
|tier|[Gen 3] OU
|rule|Sleep Clause Mod: Limit one foe put to sleep
|rule|Switch Priority Clause Mod: Faster Pokémon switch first
|rule|Species Clause: Limit one of each Pokémon
|rule|OHKO Clause: OHKO moves are banned
|rule|Evasion Items Clause: Evasion items are banned
|rule|Evasion Moves Clause: Evasion moves are banned
|rule|Endless Battle Clause: Forcing endless battles is banned
|rule|HP Percentage Mod: HP is shown in percentages
|rule|One Boost Passer Clause: Limit one Baton Passer that has a way to boost its stats
|rule|Freeze Clause Mod: Limit one foe frozen
|
|t:|1729800508
|start
|switch|p1a: Tyranitar|Tyranitar, M|100/100
|switch|p2a: Jackie Chan|Medicham, F|100/100
|-weather|Sandstorm|[from] ability: Sand Stream|[of] p1a: Tyranitar
|turn|1
|c|☆shadowinger|gl hf
|c|☆udm31|u2
|
|t:|1729800518
|-singleturn|p2a: Jackie Chan|move: Focus Punch
|switch|p1a: Zapdos|Zapdos|100/100
|move|p2a: Jackie Chan|Focus Punch|p1a: Zapdos
|-resisted|p1a: Zapdos
|-damage|p1a: Zapdos|51/100
|
|-weather|Sandstorm|[upkeep]
|-damage|p2a: Jackie Chan|94/100|[from] Sandstorm
|-damage|p1a: Zapdos|45/100|[from] Sandstorm
|-heal|p1a: Zapdos|51/100|[from] item: Leftovers
|upkeep
|turn|2
|
|t:|1729800529
|move|p2a: Jackie Chan|Rock Slide|p1a: Zapdos
|-supereffective|p1a: Zapdos
|-damage|p1a: Zapdos|0 fnt
|faint|p1a: Zapdos
|inactive|udm31 has 270 seconds left.
|
|t:|1729800571
|switch|p1a: Skarmory|Skarmory, M|100/100
|
|-weather|Sandstorm|[upkeep]
|-damage|p2a: Jackie Chan|88/100|[from] Sandstorm
|upkeep
|turn|3
|
|t:|1729800576
|switch|p2a: Your Mom|Magneton|100/100
|move|p1a: Skarmory|Spikes|p2a: Your Mom
|-sidestart|p2: shadowinger|Spikes
|
|-weather|Sandstorm|[upkeep]
|upkeep
|turn|4
|inactive|udm31 has 270 seconds left.
|
|t:|1729800582
|move|p2a: Your Mom|Thunderbolt|p1a: Skarmory
|-supereffective|p1a: Skarmory
|-damage|p1a: Skarmory|0 fnt
|faint|p1a: Skarmory
|
|t:|1729800586
|switch|p1a: Tyranitar|Tyranitar, M|100/100
|
|-weather|Sandstorm|[upkeep]
|upkeep
|turn|5
|
|t:|1729800590
|move|p2a: Your Mom|Toxic|p1a: Tyranitar|[miss]
|-miss|p2a: Your Mom|p1a: Tyranitar
|move|p1a: Tyranitar|Dragon Dance|p1a: Tyranitar
|-boost|p1a: Tyranitar|atk|1
|-boost|p1a: Tyranitar|spe|1
|
|-weather|Sandstorm|[upkeep]
|upkeep
|turn|6
|
|t:|1729800597
|move|p1a: Tyranitar|Dragon Dance|p1a: Tyranitar
|-boost|p1a: Tyranitar|atk|1
|-boost|p1a: Tyranitar|spe|1
|move|p2a: Your Mom|Toxic|p1a: Tyranitar
|-status|p1a: Tyranitar|tox
|-enditem|p1a: Tyranitar|Lum Berry|[eat]
|-curestatus|p1a: Tyranitar|tox|[msg]
|
|-weather|Sandstorm|[upkeep]
|upkeep
|turn|7
|
|t:|1729800601
|move|p1a: Tyranitar|Earthquake|p2a: Your Mom
|-supereffective|p2a: Your Mom
|-damage|p2a: Your Mom|0 fnt
|faint|p2a: Your Mom
|
|t:|1729800604
|switch|p2a: Flying Croissant|Salamence, M|100/100
|-ability|p2a: Flying Croissant|Intimidate|boost
|-unboost|p1a: Tyranitar|atk|1
|
|-weather|Sandstorm|[upkeep]
|-damage|p2a: Flying Croissant|94/100|[from] Sandstorm
|-heal|p2a: Flying Croissant|100/100|[from] item: Leftovers
|upkeep
|turn|8
|
|t:|1729800609
|switch|p2a: Metal Spider|Metagross|100/100
|-damage|p2a: Metal Spider|88/100|[from] Spikes
|move|p1a: Tyranitar|Rock Slide|p2a: Metal Spider
|-resisted|p2a: Metal Spider
|-damage|p2a: Metal Spider|67/100
|
|-weather|Sandstorm|[upkeep]
|-heal|p2a: Metal Spider|73/100|[from] item: Leftovers
|upkeep
|turn|9
|
|t:|1729800616
|move|p1a: Tyranitar|Dragon Dance|p1a: Tyranitar
|-boost|p1a: Tyranitar|atk|1
|-boost|p1a: Tyranitar|spe|1
|move|p2a: Metal Spider|Meteor Mash|p1a: Tyranitar
|-supereffective|p1a: Tyranitar
|-damage|p1a: Tyranitar|19/100
|
|-weather|Sandstorm|[upkeep]
|-heal|p2a: Metal Spider|79/100|[from] item: Leftovers
|upkeep
|turn|10
|
|t:|1729800627
|switch|p2a: Flying Croissant|Salamence, M|100/100
|-ability|p2a: Flying Croissant|Intimidate|boost
|-unboost|p1a: Tyranitar|atk|1
|move|p1a: Tyranitar|Earthquake|p2a: Flying Croissant
|-immune|p2a: Flying Croissant
|
|-weather|Sandstorm|[upkeep]
|-damage|p2a: Flying Croissant|94/100|[from] Sandstorm
|-heal|p2a: Flying Croissant|100/100|[from] item: Leftovers
|upkeep
|turn|11
|
|t:|1729800639
|switch|p2a: Metal Spider|Metagross|79/100
|-damage|p2a: Metal Spider|66/100|[from] Spikes
|move|p1a: Tyranitar|Rock Slide|p2a: Metal Spider
|-resisted|p2a: Metal Spider
|-damage|p2a: Metal Spider|47/100
|
|-weather|Sandstorm|[upkeep]
|-heal|p2a: Metal Spider|53/100|[from] item: Leftovers
|upkeep
|turn|12
|inactive|udm31 has 270 seconds left.
|
|t:|1729800675
|move|p1a: Tyranitar|Earthquake|p2a: Metal Spider
|-supereffective|p2a: Metal Spider
|-damage|p2a: Metal Spider|0 fnt
|faint|p2a: Metal Spider
|
|t:|1729800678
|switch|p2a: Flying Croissant|Salamence, M|100/100
|-ability|p2a: Flying Croissant|Intimidate|boost
|-unboost|p1a: Tyranitar|atk|1
|
|-weather|Sandstorm|[upkeep]
|-damage|p2a: Flying Croissant|94/100|[from] Sandstorm
|-heal|p2a: Flying Croissant|100/100|[from] item: Leftovers
|upkeep
|turn|13
|
|t:|1729800682
|switch|p2a: Good Doggo|Suicune|100/100
|-damage|p2a: Good Doggo|88/100|[from] Spikes
|move|p1a: Tyranitar|Rock Slide|p2a: Good Doggo
|-damage|p2a: Good Doggo|57/100
|
|-weather|Sandstorm|[upkeep]
|-damage|p2a: Good Doggo|50/100|[from] Sandstorm
|-heal|p2a: Good Doggo|57/100|[from] item: Leftovers
|upkeep
|turn|14
|inactive|udm31 has 270 seconds left.
|
|t:|1729800731
|move|p1a: Tyranitar|Rock Slide|p2a: Good Doggo
|-damage|p2a: Good Doggo|26/100
|cant|p2a: Good Doggo|flinch
|
|-weather|Sandstorm|[upkeep]
|-damage|p2a: Good Doggo|20/100|[from] Sandstorm
|-heal|p2a: Good Doggo|26/100|[from] item: Leftovers
|upkeep
|turn|15
|inactive|udm31 has 240 seconds left.
|inactive|udm31 has 210 seconds left.
|
|t:|1729800780
|move|p1a: Tyranitar|Earthquake|p2a: Good Doggo
|-damage|p2a: Good Doggo|1/100
|move|p2a: Good Doggo|Surf|p1a: Tyranitar
|-supereffective|p1a: Tyranitar
|-damage|p1a: Tyranitar|0 fnt
|faint|p1a: Tyranitar
|inactive|udm31 has 210 seconds left.
|
|t:|1729800788
|switch|p1a: Swampert|Swampert, F|100/100
|
|-weather|Sandstorm|[upkeep]
|-damage|p2a: Good Doggo|0 fnt|[from] Sandstorm
|faint|p2a: Good Doggo
|upkeep
|
|t:|1729800798
|switch|p2a: Peter Griffin|Snorlax, M|100/100
|-damage|p2a: Peter Griffin|88/100|[from] Spikes
|turn|16
|
|t:|1729800812
|switch|p1a: Celebi|Celebi|100/100
|move|p2a: Peter Griffin|Body Slam|p1a: Celebi
|-damage|p1a: Celebi|58/100
|
|-weather|Sandstorm|[upkeep]
|-damage|p1a: Celebi|52/100|[from] Sandstorm
|-damage|p2a: Peter Griffin|82/100|[from] Sandstorm
|-heal|p1a: Celebi|58/100|[from] item: Leftovers
|-heal|p2a: Peter Griffin|88/100|[from] item: Leftovers
|upkeep
|turn|17
|
|t:|1729800819
|move|p1a: Celebi|Leech Seed|p2a: Peter Griffin
|-start|p2a: Peter Griffin|move: Leech Seed
|move|p2a: Peter Griffin|Shadow Ball|p1a: Celebi
|-supereffective|p1a: Celebi
|-damage|p1a: Celebi|6/100
|
|-weather|Sandstorm|[upkeep]
|-damage|p1a: Celebi|0 fnt|[from] Sandstorm
|-damage|p2a: Peter Griffin|82/100|[from] Sandstorm
|faint|p1a: Celebi
|-heal|p2a: Peter Griffin|88/100|[from] item: Leftovers
|upkeep
|inactive|udm31 has 210 seconds left.
|inactive|udm31 has 180 seconds left.
|
|t:|1729800897
|switch|p1a: Aerodactyl|Aerodactyl, F|100/100
|turn|18
|inactive|udm31 has 150 seconds left.
|
|t:|1729800921
|switch|p2a: Jackie Chan|Medicham, F|88/100
|-damage|p2a: Jackie Chan|76/100|[from] Spikes
|move|p1a: Aerodactyl|Double-Edge|p2a: Jackie Chan
|-damage|p2a: Jackie Chan|0 fnt
|faint|p2a: Jackie Chan
|
|t:|1729800926
|switch|p2a: Flying Croissant|Salamence, M|100/100
|-ability|p2a: Flying Croissant|Intimidate|boost
|-unboost|p1a: Aerodactyl|atk|1
|
|-weather|Sandstorm|[upkeep]
|-damage|p2a: Flying Croissant|94/100|[from] Sandstorm
|-heal|p2a: Flying Croissant|100/100|[from] item: Leftovers
|upkeep
|turn|19
|
|t:|1729800934
|switch|p1a: Swampert|Swampert, F|100/100
|move|p2a: Flying Croissant|Dragon Dance|p2a: Flying Croissant
|-boost|p2a: Flying Croissant|atk|1
|-boost|p2a: Flying Croissant|spe|1
|
|-weather|Sandstorm|[upkeep]
|-damage|p2a: Flying Croissant|94/100|[from] Sandstorm
|-heal|p2a: Flying Croissant|100/100|[from] item: Leftovers
|upkeep
|turn|20
|
|t:|1729800938
|switch|p2a: Peter Griffin|Snorlax, M|88/100
|-damage|p2a: Peter Griffin|76/100|[from] Spikes
|move|p1a: Swampert|Ice Beam|p2a: Peter Griffin
|-damage|p2a: Peter Griffin|63/100
|
|-weather|Sandstorm|[upkeep]
|-damage|p2a: Peter Griffin|57/100|[from] Sandstorm
|-heal|p2a: Peter Griffin|63/100|[from] item: Leftovers
|upkeep
|turn|21
|inactive|udm31 has 150 seconds left.
|
|t:|1729800981
|switch|p1a: Aerodactyl|Aerodactyl, F|100/100
|move|p2a: Peter Griffin|Self-Destruct|p1a: Aerodactyl
|-resisted|p1a: Aerodactyl
|-damage|p1a: Aerodactyl|0 fnt
|faint|p2a: Peter Griffin
|faint|p1a: Aerodactyl
|
|t:|1729800984
|switch|p1a: Swampert|Swampert, F|100/100
|switch|p2a: Flying Croissant|Salamence, M|100/100
|-ability|p2a: Flying Croissant|Intimidate|boost
|-unboost|p1a: Swampert|atk|1
|
|-weather|Sandstorm|[upkeep]
|-damage|p2a: Flying Croissant|94/100|[from] Sandstorm
|-heal|p2a: Flying Croissant|100/100|[from] item: Leftovers
|upkeep
|turn|22
|
|t:|1729800989
|move|p2a: Flying Croissant|Hidden Power|p1a: Swampert
|-damage|p1a: Swampert|69/100
|move|p1a: Swampert|Ice Beam|p2a: Flying Croissant
|-supereffective|p2a: Flying Croissant
|-damage|p2a: Flying Croissant|5/100
|
|-weather|Sandstorm|[upkeep]
|-damage|p2a: Flying Croissant|0 fnt|[from] Sandstorm
|faint|p2a: Flying Croissant
|
|win|udm31
|upkeep
|c|☆shadowinger|gg
|c|☆udm31|gg
|c|☆udm31|onto 2?
|c|☆shadowinger|yeah
|player|p2|

</script>
<script type="application/json" class="data" id="replaydata-smogtours-gen3ou-801632">
{"id":"smogtours-gen3ou-801632","format":"[Gen 3] OU","players":["udm31","shadowinger"],"uploadtime":1729800989,"views":100,"formatid":"gen3ou","rating":null,"private":1,"password":null}
</script>

<script defer src="js/replays.js?9d40a366"></script>
