<!DOCTYPE html>
<meta charset="utf-8" />
<meta name="viewport" content="width=device-width" />

<title>[Gen 3] OU: VIELZADA vs. Count Sliggoo II - Replays - Pok&eacute;mon Showdown!</title>

<meta name="description" content="Watch a replay of a Pok&eacute;mon battle between VIELZADA and Count Sliggoo II! Format: [Gen 3] OU; Date: Oct 12, 2024" />
<!--

Hey, you! Looking in the source for the replay log?

You can find them in JSON format, just add `.json` at the end of a replay URL.

https://replay.pokemonshowdown.com/gen7randomdoublesbattle-865046831.json

Or, if you only need the log itself, add `.log` instead:

https://replay.pokemonshowdown.com/gen7randomdoublesbattle-865046831.log

-->

<link rel="stylesheet" href="//pokemonshowdown.com/style/global.css?0.023195364461161105" />
<link rel="stylesheet" href="//play.pokemonshowdown.com/style/font-awesome.css?0.13261647063804238" />
<link rel="stylesheet" href="//play.pokemonshowdown.com/style/battle.css?0.8753245789963631" />
<link rel="stylesheet" href="//play.pokemonshowdown.com/style/utilichart.css?0.8627959624976733" />

<!-- Global site tag (gtag.js) - Google Analytics -->
<script async src="https://www.googletagmanager.com/gtag/js?id=UA-26211653-1"></script>
<script>
  window.dataLayer = window.dataLayer || [];
  function gtag(){dataLayer.push(arguments);}
  gtag('js', new Date());

  gtag('config', 'UA-26211653-1');
</script>
<!-- End Google Analytics -->
<!-- Venatus Ad Manager - Install in <HEAD> of page -->
	<script src="https://hb.vntsm.com/v3/live/ad-manager.min.js" type="text/javascript" data-site-id="642aba63ec9a7b11c3c9c1be" data-mode="scan" async></script>
<!-- / Venatus Ad Manager -->

<style>
	@media (max-width:820px) {
		.battle {
			margin: 0 auto;
		}
		.battle-log {
			margin: 7px auto 0;
			max-width: 640px;
			height: 300px;
			position: static;
		}
	}
	.optgroup {
		display: inline-block;
		line-height: 22px;
		font-size: 10pt;
	}
	.optgroup .button {
		height: 25px;
		padding-top: 0;
		padding-bottom: 0;
	}
	.optgroup button.button {
		padding-left: 12px;
		padding-right: 12px;
	}
	.linklist {
		list-style: none;
		margin: 0.5em 0;
		padding: 0;
	}
	.linklist li {
		padding: 2px 0;
	}
	.sidebar {
		float: left;
		width: 320px;
	}
	.bar-wrapper {
		max-width: 1100px;
		margin: 0 auto;
	}
	.bar-wrapper.has-sidebar {
		max-width: 1430px;
	}
	.mainbar {
		margin: 0;
		padding-right: 1px;
	}
	.mainbar.has-sidebar {
		margin-left: 330px;
	}
	@media (min-width: 1511px) {
		.sidebar {
			width: 400px;
		}
		.bar-wrapper.has-sidebar {
			max-width: 1510px;
		}
		.mainbar.has-sidebar {
			margin-left: 410px;
		}
	}
	.section.first-section {
		margin-top: 9px;
	}
	.blocklink small {
		white-space: normal;
	}
	.button {
		vertical-align: middle;
	}
	.replay-controls {
		padding-top: 10px;
	}
	.replay-controls h1 {
		font-size: 16pt;
		font-weight: normal;
		color: #CCC;
	}
	.pagelink {
		text-align: center;
	}
	.pagelink a {
		width: 150px;
	}
	.textbox, .button {
		font-size: 11pt;
		vertical-align: middle;
	}
	@media (max-width: 450px) {
		.button {
			font-size: 9pt;
		}
	}
</style>

<div>

	<header>
		<div class="nav-wrapper"><ul class="nav">
			<li><a class="button nav-first" href="//pokemonshowdown.com/"><img src="//pokemonshowdown.com/images/pokemonshowdownbeta.png" srcset="//pokemonshowdown.com/images/pokemonshowdownbeta.png 1x, //pokemonshowdown.com/images/pokemonshowdownbeta@2x.png 2x" alt="Pok&eacute;mon Showdown" width="146" height="44" /> Home</a></li>
			<li><a class="button" href="//pokemonshowdown.com/dex/">Pok&eacute;dex</a></li>
			<li><a class="button cur" href="/">Replays</a></li>
			<li><a class="button" href="//pokemonshowdown.com/ladder/">Ladder</a></li>
			<li><a class="button nav-last" href="//pokemonshowdown.com/forums/">Forum</a></li>
			<li><a class="button greenbutton nav-first nav-last" href="//play.pokemonshowdown.com/">Play</a></li>
		</ul></div>
	</header>

	<div class="main" id="main">

		<noscript><section class="section">You need to enable JavaScript to use this page; sorry!</section></noscript>

	</div>

</div>

<script defer nomodule src="//play.pokemonshowdown.com/js/lib/ps-polyfill.js"></script>
<script defer src="//play.pokemonshowdown.com/js/lib/preact.min.js"></script>

<script defer src="//play.pokemonshowdown.com/config/config.js?2bddbc15"></script>
<script defer src="//play.pokemonshowdown.com/js/lib/jquery-1.11.0.min.js"></script>
<script defer src="//play.pokemonshowdown.com/js/lib/html-sanitizer-minified.js"></script>
<script defer src="//play.pokemonshowdown.com/js/battle-sound.js"></script>
<script defer src="//play.pokemonshowdown.com/js/battledata.js?0.7209276989879541"></script>
<script defer src="//play.pokemonshowdown.com/data/pokedex-mini.js?0.6111056340867951"></script>
<script defer src="//play.pokemonshowdown.com/data/pokedex-mini-bw.js?0.3532142036491459"></script>
<script defer src="//play.pokemonshowdown.com/data/graphics.js?0.24223875632456182"></script>
<script defer src="//play.pokemonshowdown.com/data/pokedex.js?0.38839984266356864"></script>
<script defer src="//play.pokemonshowdown.com/data/moves.js?0.21866028504024015"></script>
<script defer src="//play.pokemonshowdown.com/data/abilities.js?0.2005157953846628"></script>
<script defer src="//play.pokemonshowdown.com/data/items.js?0.9894211263848525"></script>
<script defer src="//play.pokemonshowdown.com/data/teambuilder-tables.js?0.6008791140282215"></script>
<script defer src="//play.pokemonshowdown.com/js/battle-tooltips.js?0.7580118955022959"></script>
<script defer src="//play.pokemonshowdown.com/js/battle.js?0.6057722274234274"></script>

<script defer src="js/utils.js?e31f9a17"></script>
<script defer src="js/replays-battle.js?7008c182"></script>

<!-- don't scrape this data! just add .json or .log after the URL!
Full API docs: https://github.com/smogon/pokemon-showdown-client/blob/master/WEB-API.md -->
<script type="text/plain" class="log" id="replaylog-smogtours-gen3ou-797694">
|inactive|Battle timer is ON: inactive players will automatically lose when time's up.
|t:|1728760233
|gametype|singles
|player|p1|VIELZADA|1|
|player|p2|Count Sliggoo II|ruinmaniac-gen3rs|
|teamsize|p1|6
|teamsize|p2|6
|gen|3
|tier|[Gen 3] OU
|rule|Sleep Clause Mod: Limit one foe put to sleep
|rule|Switch Priority Clause Mod: Faster Pokémon switch first
|rule|Species Clause: Limit one of each Pokémon
|rule|OHKO Clause: OHKO moves are banned
|rule|Evasion Items Clause: Evasion items are banned
|rule|Evasion Moves Clause: Evasion moves are banned
|rule|Endless Battle Clause: Forcing endless battles is banned
|rule|HP Percentage Mod: HP is shown in percentages
|rule|One Boost Passer Clause: Limit one Baton Passer that has a way to boost its stats
|rule|Freeze Clause Mod: Limit one foe frozen
|
|t:|1728760233
|start
|switch|p1a: Skarmory|Skarmory, M, shiny|100/100
|switch|p2a: Boltbeak|Zapdos|100/100
|turn|1
|c|☆Count Sliggoo II|Good luck, have fun.
|
|t:|1728760255
|switch|p1a: Blissey|Blissey, F|100/100
|move|p2a: Boltbeak|Thunderbolt|p1a: Blissey
|-damage|p1a: Blissey|85/100
|
|-heal|p1a: Blissey|91/100|[from] item: Leftovers
|upkeep
|turn|2
|
|t:|1728760261
|switch|p2a: Despot|Tyranitar, F, shiny|100/100
|-weather|Sandstorm|[from] ability: Sand Stream|[of] p2a: Despot
|move|p1a: Blissey|Seismic Toss|p2a: Despot
|-damage|p2a: Despot|71/100
|
|-weather|Sandstorm|[upkeep]
|-damage|p1a: Blissey|85/100|[from] Sandstorm
|-heal|p1a: Blissey|91/100|[from] item: Leftovers
|upkeep
|turn|3
|
|t:|1728760273
|switch|p1a: Salamence|Salamence, M|100/100
|-ability|p1a: Salamence|Intimidate|boost
|-unboost|p2a: Despot|atk|1
|move|p2a: Despot|Brick Break|p1a: Salamence
|-resisted|p1a: Salamence
|-damage|p1a: Salamence|84/100
|
|-weather|Sandstorm|[upkeep]
|-damage|p1a: Salamence|78/100|[from] Sandstorm
|upkeep
|turn|4
|inactive|Count Sliggoo II has 270 seconds left.
|
|t:|1728760312
|switch|p2a: Boltbeak|Zapdos|100/100
|move|p1a: Salamence|Brick Break|p2a: Boltbeak
|-resisted|p2a: Boltbeak
|-damage|p2a: Boltbeak|82/100
|
|-weather|Sandstorm|[upkeep]
|-damage|p2a: Boltbeak|75/100|[from] Sandstorm
|-damage|p1a: Salamence|71/100|[from] Sandstorm
|-heal|p2a: Boltbeak|82/100|[from] item: Leftovers
|upkeep
|turn|5
|inactive|Count Sliggoo II has 270 seconds left.
|
|t:|1728760342
|switch|p1a: Blissey|Blissey, F|91/100
|move|p2a: Boltbeak|Hidden Power|p1a: Blissey
|-damage|p1a: Blissey|84/100
|
|-weather|Sandstorm|[upkeep]
|-damage|p2a: Boltbeak|75/100|[from] Sandstorm
|-damage|p1a: Blissey|77/100|[from] Sandstorm
|-heal|p2a: Boltbeak|82/100|[from] item: Leftovers
|-heal|p1a: Blissey|84/100|[from] item: Leftovers
|upkeep
|turn|6
|
|t:|1728760362
|switch|p2a: Despot|Tyranitar, F, shiny|71/100
|move|p1a: Blissey|Seismic Toss|p2a: Despot
|-damage|p2a: Despot|42/100
|
|-weather|Sandstorm|[upkeep]
|-damage|p1a: Blissey|77/100|[from] Sandstorm
|-heal|p1a: Blissey|84/100|[from] item: Leftovers
|upkeep
|turn|7
|
|t:|1728760381
|switch|p1a: Skarmory|Skarmory, M, shiny|100/100
|move|p2a: Despot|Rock Slide|p1a: Skarmory
|-damage|p1a: Skarmory|64/100
|
|-weather|Sandstorm|[upkeep]
|-heal|p1a: Skarmory|70/100|[from] item: Leftovers
|upkeep
|turn|8
|
|t:|1728760389
|switch|p2a: Deadbolt|Magneton|100/100
|move|p1a: Skarmory|Protect||[still]
|-fail|p1a: Skarmory
|
|-weather|Sandstorm|[upkeep]
|-heal|p1a: Skarmory|76/100|[from] item: Leftovers
|upkeep
|turn|9
|
|t:|1728760397
|move|p2a: Deadbolt|Thunderbolt|p1a: Skarmory
|-supereffective|p1a: Skarmory
|-damage|p1a: Skarmory|0 fnt
|faint|p1a: Skarmory
|
|t:|1728760401
|switch|p1a: Salamence|Salamence, M|71/100
|-ability|p1a: Salamence|Intimidate|boost
|-unboost|p2a: Deadbolt|atk|1
|
|-weather|Sandstorm|[upkeep]
|-damage|p1a: Salamence|65/100|[from] Sandstorm
|upkeep
|turn|10
|
|t:|1728760407
|switch|p2a: Draco|Salamence, M|100/100
|-ability|p2a: Draco|Intimidate|boost
|-unboost|p1a: Salamence|atk|1
|move|p1a: Salamence|Rock Slide|p2a: Draco
|-supereffective|p2a: Draco
|-damage|p2a: Draco|50/100
|
|-weather|Sandstorm|[upkeep]
|-damage|p2a: Draco|44/100|[from] Sandstorm
|-damage|p1a: Salamence|59/100|[from] Sandstorm
|-heal|p2a: Draco|50/100|[from] item: Leftovers
|upkeep
|turn|11
|
|t:|1728760427
|move|p1a: Salamence|Rock Slide|p2a: Draco
|-supereffective|p2a: Draco
|-damage|p2a: Draco|0 fnt
|faint|p2a: Draco
|inactive|Count Sliggoo II has 270 seconds left.
|
|t:|1728760459
|switch|p2a: Boltbeak|Zapdos|82/100
|
|-weather|Sandstorm|[upkeep]
|-damage|p2a: Boltbeak|75/100|[from] Sandstorm
|-damage|p1a: Salamence|53/100|[from] Sandstorm
|-heal|p2a: Boltbeak|82/100|[from] item: Leftovers
|upkeep
|turn|12
|
|t:|1728760466
|switch|p1a: Blissey|Blissey, F|84/100
|move|p2a: Boltbeak|Toxic|p1a: Blissey|[miss]
|-miss|p2a: Boltbeak|p1a: Blissey
|
|-weather|Sandstorm|[upkeep]
|-damage|p2a: Boltbeak|75/100|[from] Sandstorm
|-damage|p1a: Blissey|77/100|[from] Sandstorm
|-heal|p2a: Boltbeak|82/100|[from] item: Leftovers
|-heal|p1a: Blissey|84/100|[from] item: Leftovers
|upkeep
|turn|13
|
|t:|1728760476
|switch|p2a: Unfazed|Snorlax, M, shiny|100/100
|move|p1a: Blissey|Seismic Toss|p2a: Unfazed
|-damage|p2a: Unfazed|80/100
|
|-weather|Sandstorm|[upkeep]
|-damage|p1a: Blissey|77/100|[from] Sandstorm
|-damage|p2a: Unfazed|74/100|[from] Sandstorm
|-heal|p1a: Blissey|84/100|[from] item: Leftovers
|-heal|p2a: Unfazed|80/100|[from] item: Leftovers
|upkeep
|turn|14
|
|t:|1728760486
|switch|p1a: Salamence|Salamence, M|53/100
|-ability|p1a: Salamence|Intimidate|boost
|-unboost|p2a: Unfazed|atk|1
|move|p2a: Unfazed|Body Slam|p1a: Salamence
|-damage|p1a: Salamence|23/100
|
|-weather|Sandstorm|[upkeep]
|-damage|p1a: Salamence|17/100|[from] Sandstorm
|-damage|p2a: Unfazed|74/100|[from] Sandstorm
|-enditem|p1a: Salamence|Salac Berry|[eat]
|-boost|p1a: Salamence|spe|1|[from] item: Salac Berry
|-heal|p2a: Unfazed|80/100|[from] item: Leftovers
|upkeep
|turn|15
|inactive|Count Sliggoo II disconnected and has 300 seconds to reconnect!
|player|p2|
|inactive|Count Sliggoo II reconnected and has 275 seconds left.
|player|p2|Count Sliggoo II|ruinmaniac-gen3rs|
|inactive|Count Sliggoo II has 270 seconds left.
|
|t:|1728760526
|move|p1a: Salamence|Brick Break|p2a: Unfazed
|-supereffective|p2a: Unfazed
|-damage|p2a: Unfazed|34/100
|move|p2a: Unfazed|Body Slam|p1a: Salamence
|-damage|p1a: Salamence|0 fnt
|faint|p1a: Salamence
|
|t:|1728760532
|switch|p1a: Alakazam|Alakazam, F|100/100
|
|-weather|Sandstorm|[upkeep]
|-damage|p1a: Alakazam|95/100|[from] Sandstorm
|-damage|p2a: Unfazed|28/100|[from] Sandstorm
|-heal|p2a: Unfazed|34/100|[from] item: Leftovers
|upkeep
|turn|16
|inactive|Count Sliggoo II has 270 seconds left.
|
|t:|1728760559
|move|p1a: Alakazam|Psychic|p2a: Unfazed
|-damage|p2a: Unfazed|5/100
|move|p2a: Unfazed|Self-Destruct|p1a: Alakazam
|-damage|p1a: Alakazam|0 fnt
|faint|p2a: Unfazed
|faint|p1a: Alakazam
|
|t:|1728760576
|switch|p1a: Blaziken|Blaziken, F|100/100
|switch|p2a: Despot|Tyranitar, F, shiny|42/100
|
|-weather|Sandstorm|[upkeep]
|-damage|p1a: Blaziken|94/100|[from] Sandstorm
|upkeep
|turn|17
|inactive|Count Sliggoo II has 270 seconds left.
|
|t:|1728760591
|switch|p2a: Deadbolt|Magneton|100/100
|move|p1a: Blaziken|Brick Break|p2a: Deadbolt
|-supereffective|p2a: Deadbolt
|-damage|p2a: Deadbolt|0 fnt
|faint|p2a: Deadbolt
|
|t:|1728760593
|switch|p2a: Boltbeak|Zapdos|82/100
|
|-weather|Sandstorm|[upkeep]
|-damage|p2a: Boltbeak|75/100|[from] Sandstorm
|-damage|p1a: Blaziken|88/100|[from] Sandstorm
|-heal|p2a: Boltbeak|82/100|[from] item: Leftovers
|upkeep
|turn|18
|inactive|Count Sliggoo II has 270 seconds left.
|
|t:|1728760610
|switch|p1a: Blissey|Blissey, F|84/100
|move|p2a: Boltbeak|Protect||[still]
|-fail|p2a: Boltbeak
|
|-weather|Sandstorm|[upkeep]
|-damage|p2a: Boltbeak|75/100|[from] Sandstorm
|-damage|p1a: Blissey|77/100|[from] Sandstorm
|-heal|p2a: Boltbeak|82/100|[from] item: Leftovers
|-heal|p1a: Blissey|84/100|[from] item: Leftovers
|upkeep
|turn|19
|
|t:|1728760619
|move|p2a: Boltbeak|Toxic|p1a: Blissey
|-status|p1a: Blissey|tox
|move|p1a: Blissey|Seismic Toss|p2a: Boltbeak
|-damage|p2a: Boltbeak|50/100
|
|-weather|Sandstorm|[upkeep]
|-damage|p2a: Boltbeak|44/100|[from] Sandstorm
|-damage|p1a: Blissey|77/100 tox|[from] Sandstorm
|-heal|p2a: Boltbeak|50/100|[from] item: Leftovers
|-heal|p1a: Blissey|84/100 tox|[from] item: Leftovers
|-damage|p1a: Blissey|77/100 tox|[from] psn
|upkeep
|turn|20
|
|t:|1728760629
|move|p2a: Boltbeak|Protect|p2a: Boltbeak
|-singleturn|p2a: Boltbeak|Protect
|move|p1a: Blissey|Seismic Toss|p2a: Boltbeak
|-activate|p2a: Boltbeak|Protect
|
|-weather|Sandstorm|[upkeep]
|-damage|p2a: Boltbeak|44/100|[from] Sandstorm
|-damage|p1a: Blissey|71/100 tox|[from] Sandstorm
|-heal|p2a: Boltbeak|50/100|[from] item: Leftovers
|-heal|p1a: Blissey|77/100 tox|[from] item: Leftovers
|-damage|p1a: Blissey|65/100 tox|[from] psn
|upkeep
|turn|21
|
|t:|1728760640
|switch|p2a: Gigaton|Metagross, shiny|100/100
|move|p1a: Blissey|Soft-Boiled|p1a: Blissey
|-heal|p1a: Blissey|100/100 tox
|
|-weather|Sandstorm|[upkeep]
|-damage|p1a: Blissey|94/100 tox|[from] Sandstorm
|-heal|p1a: Blissey|100/100 tox|[from] item: Leftovers
|-damage|p1a: Blissey|82/100 tox|[from] psn
|upkeep
|turn|22
|
|t:|1728760651
|-curestatus|p1a: Blissey|tox|[from] ability: Natural Cure
|switch|p1a: Gengar|Gengar, M|100/100
|move|p2a: Gigaton|Agility|p2a: Gigaton
|-boost|p2a: Gigaton|spe|2
|
|-weather|Sandstorm|[upkeep]
|-damage|p1a: Gengar|94/100|[from] Sandstorm
|-heal|p1a: Gengar|100/100|[from] item: Leftovers
|upkeep
|turn|23
|
|t:|1728760663
|move|p2a: Gigaton|Meteor Mash|p1a: Gengar
|-damage|p1a: Gengar|0 fnt
|faint|p1a: Gengar
|
|t:|1728760668
|switch|p1a: Blaziken|Blaziken, F|88/100
|
|-weather|Sandstorm|[upkeep]
|-damage|p1a: Blaziken|82/100|[from] Sandstorm
|upkeep
|turn|24
|
|t:|1728760675
|move|p2a: Gigaton|Earthquake|p1a: Blaziken
|-supereffective|p1a: Blaziken
|-damage|p1a: Blaziken|0 fnt
|faint|p1a: Blaziken
|
|t:|1728760680
|switch|p1a: Blissey|Blissey, F|82/100
|
|-weather|Sandstorm|[upkeep]
|-damage|p1a: Blissey|76/100|[from] Sandstorm
|-heal|p1a: Blissey|82/100|[from] item: Leftovers
|upkeep
|turn|25
|
|t:|1728760687
|move|p2a: Gigaton|Meteor Mash|p1a: Blissey
|-damage|p1a: Blissey|0 fnt
|faint|p1a: Blissey
|
|win|Count Sliggoo II
|c|☆Count Sliggoo II|Gg.

</script>
<script type="application/json" class="data" id="replaydata-smogtours-gen3ou-797694">
{"id":"smogtours-gen3ou-797694","format":"[Gen 3] OU","players":["VIELZADA","Count Sliggoo II"],"uploadtime":1728760687,"views":79,"formatid":"gen3ou","rating":null,"private":0,"password":null}
</script>

<script defer src="js/replays.js?9d40a366"></script>
