<!DOCTYPE html>
<meta charset="utf-8" />
<meta name="viewport" content="width=device-width" />

<title>[Gen 3] OU: social inclusion vs. Sheik - Replays - Pok&eacute;mon Showdown!</title>

<meta name="description" content="Watch a replay of a Pok&eacute;mon battle between social inclusion and Sheik! Format: [Gen 3] OU; Date: Oct 4, 2024" />
<!--

Hey, you! Looking in the source for the replay log?

You can find them in JSON format, just add `.json` at the end of a replay URL.

https://replay.pokemonshowdown.com/gen7randomdoublesbattle-865046831.json

Or, if you only need the log itself, add `.log` instead:

https://replay.pokemonshowdown.com/gen7randomdoublesbattle-865046831.log

-->

<link rel="stylesheet" href="//pokemonshowdown.com/style/global.css?0.767286132409787" />
<link rel="stylesheet" href="//play.pokemonshowdown.com/style/font-awesome.css?0.9266228007934947" />
<link rel="stylesheet" href="//play.pokemonshowdown.com/style/battle.css?0.7924700842790926" />
<link rel="stylesheet" href="//play.pokemonshowdown.com/style/utilichart.css?0.8777417872839479" />

<!-- Global site tag (gtag.js) - Google Analytics -->
<script async src="https://www.googletagmanager.com/gtag/js?id=UA-26211653-1"></script>
<script>
  window.dataLayer = window.dataLayer || [];
  function gtag(){dataLayer.push(arguments);}
  gtag('js', new Date());

  gtag('config', 'UA-26211653-1');
</script>
<!-- End Google Analytics -->
<!-- Venatus Ad Manager - Install in <HEAD> of page -->
	<script src="https://hb.vntsm.com/v3/live/ad-manager.min.js" type="text/javascript" data-site-id="642aba63ec9a7b11c3c9c1be" data-mode="scan" async></script>
<!-- / Venatus Ad Manager -->

<style>
	@media (max-width:820px) {
		.battle {
			margin: 0 auto;
		}
		.battle-log {
			margin: 7px auto 0;
			max-width: 640px;
			height: 300px;
			position: static;
		}
	}
	.optgroup {
		display: inline-block;
		line-height: 22px;
		font-size: 10pt;
	}
	.optgroup .button {
		height: 25px;
		padding-top: 0;
		padding-bottom: 0;
	}
	.optgroup button.button {
		padding-left: 12px;
		padding-right: 12px;
	}
	.linklist {
		list-style: none;
		margin: 0.5em 0;
		padding: 0;
	}
	.linklist li {
		padding: 2px 0;
	}
	.sidebar {
		float: left;
		width: 320px;
	}
	.bar-wrapper {
		max-width: 1100px;
		margin: 0 auto;
	}
	.bar-wrapper.has-sidebar {
		max-width: 1430px;
	}
	.mainbar {
		margin: 0;
		padding-right: 1px;
	}
	.mainbar.has-sidebar {
		margin-left: 330px;
	}
	@media (min-width: 1511px) {
		.sidebar {
			width: 400px;
		}
		.bar-wrapper.has-sidebar {
			max-width: 1510px;
		}
		.mainbar.has-sidebar {
			margin-left: 410px;
		}
	}
	.section.first-section {
		margin-top: 9px;
	}
	.blocklink small {
		white-space: normal;
	}
	.button {
		vertical-align: middle;
	}
	.replay-controls {
		padding-top: 10px;
	}
	.replay-controls h1 {
		font-size: 16pt;
		font-weight: normal;
		color: #CCC;
	}
	.pagelink {
		text-align: center;
	}
	.pagelink a {
		width: 150px;
	}
	.textbox, .button {
		font-size: 11pt;
		vertical-align: middle;
	}
	@media (max-width: 450px) {
		.button {
			font-size: 9pt;
		}
	}
</style>

<div>

	<header>
		<div class="nav-wrapper"><ul class="nav">
			<li><a class="button nav-first" href="//pokemonshowdown.com/"><img src="//pokemonshowdown.com/images/pokemonshowdownbeta.png" srcset="//pokemonshowdown.com/images/pokemonshowdownbeta.png 1x, //pokemonshowdown.com/images/pokemonshowdownbeta@2x.png 2x" alt="Pok&eacute;mon Showdown" width="146" height="44" /> Home</a></li>
			<li><a class="button" href="//pokemonshowdown.com/dex/">Pok&eacute;dex</a></li>
			<li><a class="button cur" href="/">Replays</a></li>
			<li><a class="button" href="//pokemonshowdown.com/ladder/">Ladder</a></li>
			<li><a class="button nav-last" href="//pokemonshowdown.com/forums/">Forum</a></li>
			<li><a class="button greenbutton nav-first nav-last" href="//play.pokemonshowdown.com/">Play</a></li>
		</ul></div>
	</header>

	<div class="main" id="main">

		<noscript><section class="section">You need to enable JavaScript to use this page; sorry!</section></noscript>

	</div>

</div>

<script defer nomodule src="//play.pokemonshowdown.com/js/lib/ps-polyfill.js"></script>
<script defer src="//play.pokemonshowdown.com/js/lib/preact.min.js"></script>

<script defer src="//play.pokemonshowdown.com/config/config.js?6dec07f6"></script>
<script defer src="//play.pokemonshowdown.com/js/lib/jquery-1.11.0.min.js"></script>
<script defer src="//play.pokemonshowdown.com/js/lib/html-sanitizer-minified.js"></script>
<script defer src="//play.pokemonshowdown.com/js/battle-sound.js"></script>
<script defer src="//play.pokemonshowdown.com/js/battledata.js?0.6315294753075389"></script>
<script defer src="//play.pokemonshowdown.com/data/pokedex-mini.js?0.7603743185311358"></script>
<script defer src="//play.pokemonshowdown.com/data/pokedex-mini-bw.js?0.030888842834281283"></script>
<script defer src="//play.pokemonshowdown.com/data/graphics.js?0.05593094747507488"></script>
<script defer src="//play.pokemonshowdown.com/data/pokedex.js?0.47064822249611904"></script>
<script defer src="//play.pokemonshowdown.com/data/moves.js?0.8583693120512459"></script>
<script defer src="//play.pokemonshowdown.com/data/abilities.js?0.16017181182386842"></script>
<script defer src="//play.pokemonshowdown.com/data/items.js?0.4163379185673943"></script>
<script defer src="//play.pokemonshowdown.com/data/teambuilder-tables.js?0.31075597372830477"></script>
<script defer src="//play.pokemonshowdown.com/js/battle-tooltips.js?0.6536193500708172"></script>
<script defer src="//play.pokemonshowdown.com/js/battle.js?0.1916591943277901"></script>

<script defer src="js/utils.js?e31f9a17"></script>
<script defer src="js/replays-battle.js?7008c182"></script>

<!-- don't scrape this data! just add .json or .log after the URL!
Full API docs: https://github.com/smogon/pokemon-showdown-client/blob/master/WEB-API.md -->
<script type="text/plain" class="log" id="replaylog-smogtours-gen3ou-794659">
|inactive|Battle timer is ON: inactive players will automatically lose when time's up.
|t:|1728069074
|gametype|singles
|player|p1|social inclusion|266|
|player|p2|Sheik|#roaplxyorknewyanma|
|teamsize|p1|6
|teamsize|p2|6
|gen|3
|tier|[Gen 3] OU
|rule|Sleep Clause Mod: Limit one foe put to sleep
|rule|Switch Priority Clause Mod: Faster Pokémon switch first
|rule|Species Clause: Limit one of each Pokémon
|rule|OHKO Clause: OHKO moves are banned
|rule|Evasion Items Clause: Evasion items are banned
|rule|Evasion Moves Clause: Evasion moves are banned
|rule|Endless Battle Clause: Forcing endless battles is banned
|rule|HP Percentage Mod: HP is shown in percentages
|rule|One Boost Passer Clause: Limit one Baton Passer that has a way to boost its stats
|rule|Freeze Clause Mod: Limit one foe frozen
|
|t:|1728069074
|start
|switch|p1a: Forretress|Forretress, F|100/100
|switch|p2a: Skarmory|Skarmory, F|100/100
|turn|1
|c|☆Sheik|/log Sheik made the replay of this battle unlisted.
|
|t:|1728069085
|move|p2a: Skarmory|Taunt|p1a: Forretress
|-start|p1a: Forretress|move: Taunt
|cant|p1a: Forretress|move: Taunt|Spikes
|
|upkeep
|turn|2
|
|t:|1728069088
|move|p2a: Skarmory|Spikes|p1a: Forretress
|-sidestart|p1: social inclusion|Spikes
|move|p1a: Forretress|Zap Cannon|p2a: Skarmory|[miss]
|-miss|p1a: Forretress|p2a: Skarmory
|
|-end|p1a: Forretress|move: Taunt|[silent]
|upkeep
|turn|3
|
|t:|1728069093
|move|p2a: Skarmory|Spikes|p1a: Forretress
|-sidestart|p1: social inclusion|Spikes
|move|p1a: Forretress|Spikes|p2a: Skarmory
|-sidestart|p2: Sheik|Spikes
|
|upkeep
|turn|4
|
|t:|1728069096
|move|p2a: Skarmory|Taunt|p1a: Forretress
|-start|p1a: Forretress|move: Taunt
|move|p1a: Forretress|Zap Cannon|p2a: Skarmory
|-supereffective|p2a: Skarmory
|-damage|p2a: Skarmory|70/100
|-status|p2a: Skarmory|par
|
|-heal|p2a: Skarmory|76/100 par|[from] item: Leftovers
|upkeep
|turn|5
|
|t:|1728069103
|switch|p2a: Charizard|Charizard, M|100/100
|move|p1a: Forretress|Zap Cannon|p2a: Charizard
|-supereffective|p2a: Charizard
|-crit|p2a: Charizard
|-damage|p2a: Charizard|21/100
|-status|p2a: Charizard|par
|
|-end|p1a: Forretress|move: Taunt|[silent]
|-heal|p2a: Charizard|27/100 par|[from] item: Leftovers
|upkeep
|turn|6
|c|☆Sheik|Lolazo
|
|t:|1728069119
|switch|p1a: Milotic|Milotic, M|100/100
|-damage|p1a: Milotic|84/100|[from] Spikes
|cant|p2a: Charizard|par
|
|-heal|p1a: Milotic|90/100|[from] item: Leftovers
|-heal|p2a: Charizard|33/100 par|[from] item: Leftovers
|upkeep
|turn|7
|
|t:|1728069128
|move|p1a: Milotic|Surf|p2a: Charizard
|-supereffective|p2a: Charizard
|-crit|p2a: Charizard
|-damage|p2a: Charizard|0 fnt
|faint|p2a: Charizard
|
|t:|1728069130
|switch|p2a: Skarmory|Skarmory, F|76/100 par
|
|-heal|p1a: Milotic|96/100|[from] item: Leftovers
|-heal|p2a: Skarmory|82/100 par|[from] item: Leftovers
|upkeep
|turn|8
|
|t:|1728069139
|switch|p1a: Forretress|Forretress, F|100/100
|-damage|p1a: Forretress|84/100|[from] Spikes
|move|p2a: Skarmory|Spikes|p1a: Forretress
|-sidestart|p1: social inclusion|Spikes
|
|-heal|p1a: Forretress|90/100|[from] item: Leftovers
|-heal|p2a: Skarmory|88/100 par|[from] item: Leftovers
|upkeep
|turn|9
|
|t:|1728069141
|switch|p2a: Gengar|Gengar, M|100/100
|move|p1a: Forretress|Rapid Spin|p2a: Gengar
|-immune|p2a: Gengar
|
|-heal|p1a: Forretress|96/100|[from] item: Leftovers
|upkeep
|turn|10
|
|t:|1728069154
|move|p2a: Gengar|Ice Punch|p1a: Forretress
|-resisted|p1a: Forretress
|-damage|p1a: Forretress|80/100
|move|p1a: Forretress|Zap Cannon|p2a: Gengar
|-damage|p2a: Gengar|77/100
|-status|p2a: Gengar|par
|
|-heal|p1a: Forretress|86/100|[from] item: Leftovers
|-heal|p2a: Gengar|83/100 par|[from] item: Leftovers
|upkeep
|turn|11
|
|t:|1728069175
|switch|p1a: Blissey|Blissey, F|100/100
|-damage|p1a: Blissey|76/100|[from] Spikes
|move|p2a: Gengar|Thunderbolt|p1a: Blissey
|-damage|p1a: Blissey|62/100
|
|-heal|p1a: Blissey|68/100|[from] item: Leftovers
|-heal|p2a: Gengar|90/100 par|[from] item: Leftovers
|upkeep
|turn|12
|c|☆Sheik|Keen eye forrestres
|
|t:|1728069183
|switch|p2a: Metagross|Metagross|100/100
|-damage|p2a: Metagross|88/100|[from] Spikes
|move|p1a: Blissey|Soft-Boiled|p1a: Blissey
|-heal|p1a: Blissey|100/100
|
|-heal|p2a: Metagross|94/100|[from] item: Leftovers
|upkeep
|turn|13
|
|t:|1728069193
|switch|p1a: Skarmory|Skarmory, F|100/100
|move|p2a: Metagross|Earthquake|p1a: Skarmory
|-immune|p1a: Skarmory
|
|-heal|p2a: Metagross|100/100|[from] item: Leftovers
|upkeep
|turn|14
|
|t:|1728069198
|switch|p2a: Jolteon|Jolteon, F|100/100
|-damage|p2a: Jolteon|88/100|[from] Spikes
|move|p1a: Skarmory|Spikes|p2a: Jolteon
|-sidestart|p2: Sheik|Spikes
|
|-heal|p2a: Jolteon|94/100|[from] item: Leftovers
|upkeep
|turn|15
|-message|Sheik forfeited.
|
|win|social inclusion
|c|☆social inclusion|gg
|player|p1|

</script>
<script type="application/json" class="data" id="replaydata-smogtours-gen3ou-794659">
{"id":"smogtours-gen3ou-794659","format":"[Gen 3] OU","players":["social inclusion","Sheik"],"uploadtime":1728069202,"views":155,"formatid":"gen3ou","rating":null,"private":1,"password":null}
</script>

<script defer src="js/replays.js?9d40a366"></script>
