<!DOCTYPE html>
<meta charset="utf-8" />
<meta name="viewport" content="width=device-width" />

<title>[Gen 3] OU: JensenDale vs. mint yerb - Replays - Pok&eacute;mon Showdown!</title>

<meta name="description" content="Watch a replay of a Pok&eacute;mon battle between JensenDale and mint yerb! Format: [Gen 3] OU; Date: Oct 17, 2024" />
<!--

Hey, you! Looking in the source for the replay log?

You can find them in JSON format, just add `.json` at the end of a replay URL.

https://replay.pokemonshowdown.com/gen7randomdoublesbattle-865046831.json

Or, if you only need the log itself, add `.log` instead:

https://replay.pokemonshowdown.com/gen7randomdoublesbattle-865046831.log

-->

<link rel="stylesheet" href="//pokemonshowdown.com/style/global.css?0.023195364461161105" />
<link rel="stylesheet" href="//play.pokemonshowdown.com/style/font-awesome.css?0.13261647063804238" />
<link rel="stylesheet" href="//play.pokemonshowdown.com/style/battle.css?0.8753245789963631" />
<link rel="stylesheet" href="//play.pokemonshowdown.com/style/utilichart.css?0.8627959624976733" />

<!-- Global site tag (gtag.js) - Google Analytics -->
<script async src="https://www.googletagmanager.com/gtag/js?id=UA-26211653-1"></script>
<script>
  window.dataLayer = window.dataLayer || [];
  function gtag(){dataLayer.push(arguments);}
  gtag('js', new Date());

  gtag('config', 'UA-26211653-1');
</script>
<!-- End Google Analytics -->
<!-- Venatus Ad Manager - Install in <HEAD> of page -->
	<script src="https://hb.vntsm.com/v3/live/ad-manager.min.js" type="text/javascript" data-site-id="642aba63ec9a7b11c3c9c1be" data-mode="scan" async></script>
<!-- / Venatus Ad Manager -->

<style>
	@media (max-width:820px) {
		.battle {
			margin: 0 auto;
		}
		.battle-log {
			margin: 7px auto 0;
			max-width: 640px;
			height: 300px;
			position: static;
		}
	}
	.optgroup {
		display: inline-block;
		line-height: 22px;
		font-size: 10pt;
	}
	.optgroup .button {
		height: 25px;
		padding-top: 0;
		padding-bottom: 0;
	}
	.optgroup button.button {
		padding-left: 12px;
		padding-right: 12px;
	}
	.linklist {
		list-style: none;
		margin: 0.5em 0;
		padding: 0;
	}
	.linklist li {
		padding: 2px 0;
	}
	.sidebar {
		float: left;
		width: 320px;
	}
	.bar-wrapper {
		max-width: 1100px;
		margin: 0 auto;
	}
	.bar-wrapper.has-sidebar {
		max-width: 1430px;
	}
	.mainbar {
		margin: 0;
		padding-right: 1px;
	}
	.mainbar.has-sidebar {
		margin-left: 330px;
	}
	@media (min-width: 1511px) {
		.sidebar {
			width: 400px;
		}
		.bar-wrapper.has-sidebar {
			max-width: 1510px;
		}
		.mainbar.has-sidebar {
			margin-left: 410px;
		}
	}
	.section.first-section {
		margin-top: 9px;
	}
	.blocklink small {
		white-space: normal;
	}
	.button {
		vertical-align: middle;
	}
	.replay-controls {
		padding-top: 10px;
	}
	.replay-controls h1 {
		font-size: 16pt;
		font-weight: normal;
		color: #CCC;
	}
	.pagelink {
		text-align: center;
	}
	.pagelink a {
		width: 150px;
	}
	.textbox, .button {
		font-size: 11pt;
		vertical-align: middle;
	}
	@media (max-width: 450px) {
		.button {
			font-size: 9pt;
		}
	}
</style>

<div>

	<header>
		<div class="nav-wrapper"><ul class="nav">
			<li><a class="button nav-first" href="//pokemonshowdown.com/"><img src="//pokemonshowdown.com/images/pokemonshowdownbeta.png" srcset="//pokemonshowdown.com/images/pokemonshowdownbeta.png 1x, //pokemonshowdown.com/images/pokemonshowdownbeta@2x.png 2x" alt="Pok&eacute;mon Showdown" width="146" height="44" /> Home</a></li>
			<li><a class="button" href="//pokemonshowdown.com/dex/">Pok&eacute;dex</a></li>
			<li><a class="button cur" href="/">Replays</a></li>
			<li><a class="button" href="//pokemonshowdown.com/ladder/">Ladder</a></li>
			<li><a class="button nav-last" href="//pokemonshowdown.com/forums/">Forum</a></li>
			<li><a class="button greenbutton nav-first nav-last" href="//play.pokemonshowdown.com/">Play</a></li>
		</ul></div>
	</header>

	<div class="main" id="main">

		<noscript><section class="section">You need to enable JavaScript to use this page; sorry!</section></noscript>

	</div>

</div>

<script defer nomodule src="//play.pokemonshowdown.com/js/lib/ps-polyfill.js"></script>
<script defer src="//play.pokemonshowdown.com/js/lib/preact.min.js"></script>

<script defer src="//play.pokemonshowdown.com/config/config.js?2bddbc15"></script>
<script defer src="//play.pokemonshowdown.com/js/lib/jquery-1.11.0.min.js"></script>
<script defer src="//play.pokemonshowdown.com/js/lib/html-sanitizer-minified.js"></script>
<script defer src="//play.pokemonshowdown.com/js/battle-sound.js"></script>
<script defer src="//play.pokemonshowdown.com/js/battledata.js?0.7209276989879541"></script>
<script defer src="//play.pokemonshowdown.com/data/pokedex-mini.js?0.6111056340867951"></script>
<script defer src="//play.pokemonshowdown.com/data/pokedex-mini-bw.js?0.3532142036491459"></script>
<script defer src="//play.pokemonshowdown.com/data/graphics.js?0.24223875632456182"></script>
<script defer src="//play.pokemonshowdown.com/data/pokedex.js?0.38839984266356864"></script>
<script defer src="//play.pokemonshowdown.com/data/moves.js?0.21866028504024015"></script>
<script defer src="//play.pokemonshowdown.com/data/abilities.js?0.2005157953846628"></script>
<script defer src="//play.pokemonshowdown.com/data/items.js?0.9894211263848525"></script>
<script defer src="//play.pokemonshowdown.com/data/teambuilder-tables.js?0.6008791140282215"></script>
<script defer src="//play.pokemonshowdown.com/js/battle-tooltips.js?0.7580118955022959"></script>
<script defer src="//play.pokemonshowdown.com/js/battle.js?0.6057722274234274"></script>

<script defer src="js/utils.js?e31f9a17"></script>
<script defer src="js/replays-battle.js?7008c182"></script>

<!-- don't scrape this data! just add .json or .log after the URL!
Full API docs: https://github.com/smogon/pokemon-showdown-client/blob/master/WEB-API.md -->
<script type="text/plain" class="log" id="replaylog-smogtours-gen3ou-799409">
|inactive|Battle timer is ON: inactive players will automatically lose when time's up.
|t:|1729203714
|gametype|singles
|player|p1|JensenDale|larry|
|player|p2|mint yerb|flannery|
|teamsize|p1|6
|teamsize|p2|6
|gen|3
|tier|[Gen 3] OU
|rule|Sleep Clause Mod: Limit one foe put to sleep
|rule|Switch Priority Clause Mod: Faster Pokémon switch first
|rule|Species Clause: Limit one of each Pokémon
|rule|OHKO Clause: OHKO moves are banned
|rule|Evasion Items Clause: Evasion items are banned
|rule|Evasion Moves Clause: Evasion moves are banned
|rule|Endless Battle Clause: Forcing endless battles is banned
|rule|HP Percentage Mod: HP is shown in percentages
|rule|One Boost Passer Clause: Limit one Baton Passer that has a way to boost its stats
|rule|Freeze Clause Mod: Limit one foe frozen
|
|t:|1729203714
|start
|switch|p1a: Suicune|Suicune|100/100
|switch|p2a: Glalie|Glalie, M|100/100
|turn|1
|c|☆JensenDale|hf
|c|☆mint yerb|u2 
|
|t:|1729203735
|move|p2a: Glalie|Spikes|p1a: Suicune
|-sidestart|p1: JensenDale|Spikes
|move|p1a: Suicune|Hydro Pump|p2a: Glalie
|-crit|p2a: Glalie
|-damage|p2a: Glalie|5/100
|
|-enditem|p2a: Glalie|Salac Berry|[eat]
|-boost|p2a: Glalie|spe|1|[from] item: Salac Berry
|upkeep
|turn|2
|
|t:|1729203748
|switch|p1a: Salamence|Salamence, M|100/100
|-ability|p1a: Salamence|Intimidate|boost
|-unboost|p2a: Glalie|atk|1
|move|p2a: Glalie|Explosion|p1a: Salamence
|-damage|p1a: Salamence|25/100
|faint|p2a: Glalie
|
|t:|1729203755
|switch|p2a: Starmie|Starmie|100/100
|
|-heal|p1a: Salamence|31/100|[from] item: Leftovers
|upkeep
|turn|3
|
|t:|1729203769
|switch|p1a: Metagross|Metagross|100/100
|-damage|p1a: Metagross|88/100|[from] Spikes
|move|p2a: Starmie|Thunderbolt|p1a: Metagross
|-damage|p1a: Metagross|57/100
|
|upkeep
|turn|4
|
|t:|1729203777
|switch|p2a: Metagross|Metagross|100/100
|move|p1a: Metagross|Explosion|p2a: Metagross
|-resisted|p2a: Metagross
|-damage|p2a: Metagross|0 fnt
|faint|p1a: Metagross
|faint|p2a: Metagross
|
|t:|1729203793
|switch|p1a: Magneton|Magneton|100/100
|switch|p2a: Breloom|Breloom, M|100/100
|-damage|p1a: Magneton|88/100|[from] Spikes
|
|upkeep
|turn|5
|
|t:|1729203809
|move|p2a: Breloom|Spore|p1a: Magneton
|-status|p1a: Magneton|slp|[from] move: Spore
|cant|p1a: Magneton|slp
|
|upkeep
|turn|6
|
|t:|1729203816
|move|p2a: Breloom|Substitute|p2a: Breloom
|-start|p2a: Breloom|Substitute
|-damage|p2a: Breloom|76/100
|cant|p1a: Magneton|slp
|
|-heal|p2a: Breloom|82/100|[from] item: Leftovers
|upkeep
|turn|7
|
|t:|1729203820
|-singleturn|p2a: Breloom|move: Focus Punch
|cant|p1a: Magneton|slp
|move|p2a: Breloom|Focus Punch|p1a: Magneton
|-supereffective|p1a: Magneton
|-damage|p1a: Magneton|0 fnt
|faint|p1a: Magneton
|
|t:|1729203824
|switch|p1a: Suicune|Suicune|100/100
|-damage|p1a: Suicune|88/100|[from] Spikes
|
|-heal|p2a: Breloom|88/100|[from] item: Leftovers
|-heal|p1a: Suicune|94/100|[from] item: Leftovers
|upkeep
|turn|8
|
|t:|1729203827
|move|p2a: Breloom|Spore|p1a: Suicune
|-status|p1a: Suicune|slp|[from] move: Spore
|cant|p1a: Suicune|slp
|
|-heal|p2a: Breloom|94/100|[from] item: Leftovers
|-heal|p1a: Suicune|99/100 slp|[from] item: Leftovers
|upkeep
|turn|9
|
|t:|1729203830
|move|p2a: Breloom|Leech Seed|p1a: Suicune
|-start|p1a: Suicune|move: Leech Seed
|cant|p1a: Suicune|slp
|
|-heal|p2a: Breloom|99/100|[from] item: Leftovers
|-heal|p1a: Suicune|100/100 slp|[from] item: Leftovers
|-damage|p1a: Suicune|88/100 slp|[from] Leech Seed|[of] p2a: Breloom
|-heal|p2a: Breloom|100/100|[silent]
|upkeep
|turn|10
|
|t:|1729203832
|-singleturn|p2a: Breloom|move: Focus Punch
|move|p2a: Breloom|Focus Punch|p1a: Suicune
|-damage|p1a: Suicune|19/100 slp
|cant|p1a: Suicune|slp
|
|-heal|p1a: Suicune|25/100 slp|[from] item: Leftovers
|-damage|p1a: Suicune|12/100 slp|[from] Leech Seed|[of] p2a: Breloom
|upkeep
|turn|11
|
|t:|1729203848
|-singleturn|p2a: Breloom|move: Focus Punch
|-curestatus|p1a: Suicune|slp|[msg]
|move|p1a: Suicune|Ice Beam|p2a: Breloom
|-supereffective|p2a: Breloom
|-end|p2a: Breloom|Substitute
|move|p2a: Breloom|Focus Punch|p1a: Suicune
|-damage|p1a: Suicune|0 fnt
|faint|p1a: Suicune
|
|t:|1729203855
|switch|p1a: Salamence|Salamence, M|31/100
|-ability|p1a: Salamence|Intimidate|boost
|-unboost|p2a: Breloom|atk|1
|
|-heal|p1a: Salamence|37/100|[from] item: Leftovers
|upkeep
|turn|12
|
|t:|1729203859
|move|p1a: Salamence|Fire Blast|p2a: Breloom
|-supereffective|p2a: Breloom
|-damage|p2a: Breloom|0 fnt
|faint|p2a: Breloom
|
|t:|1729203866
|switch|p2a: Starmie|Starmie|100/100
|
|-heal|p1a: Salamence|43/100|[from] item: Leftovers
|upkeep
|turn|13
|
|t:|1729203870
|switch|p1a: Snorlax|Snorlax, M|100/100
|-damage|p1a: Snorlax|88/100|[from] Spikes
|move|p2a: Starmie|Ice Beam|p1a: Snorlax
|-damage|p1a: Snorlax|72/100
|
|-heal|p1a: Snorlax|78/100|[from] item: Leftovers
|upkeep
|turn|14
|
|t:|1729203886
|move|p2a: Starmie|Hydro Pump|p1a: Snorlax
|-damage|p1a: Snorlax|49/100
|move|p1a: Snorlax|Shadow Ball|p2a: Starmie
|-supereffective|p2a: Starmie
|-damage|p2a: Starmie|25/100
|
|-heal|p2a: Starmie|31/100|[from] item: Leftovers
|-heal|p1a: Snorlax|55/100|[from] item: Leftovers
|upkeep
|turn|15
|
|t:|1729203895
|move|p2a: Starmie|Hydro Pump|p1a: Snorlax|[miss]
|-miss|p2a: Starmie|p1a: Snorlax
|move|p1a: Snorlax|Body Slam|p2a: Starmie
|-damage|p2a: Starmie|0 fnt
|faint|p2a: Starmie
|
|t:|1729203902
|switch|p2a: Tyranitar|Tyranitar, M|100/100
|-weather|Sandstorm|[from] ability: Sand Stream|[of] p2a: Tyranitar
|
|-weather|Sandstorm|[upkeep]
|-damage|p1a: Snorlax|49/100|[from] Sandstorm
|-heal|p1a: Snorlax|55/100|[from] item: Leftovers
|upkeep
|turn|16
|
|t:|1729203907
|move|p2a: Tyranitar|Dragon Dance|p2a: Tyranitar
|-boost|p2a: Tyranitar|atk|1
|-boost|p2a: Tyranitar|spe|1
|move|p1a: Snorlax|Self-Destruct|p2a: Tyranitar
|-resisted|p2a: Tyranitar
|-damage|p2a: Tyranitar|18/100
|faint|p1a: Snorlax
|
|t:|1729203911
|switch|p1a: Salamence|Salamence, M|43/100
|-ability|p1a: Salamence|Intimidate|boost
|-unboost|p2a: Tyranitar|atk|1
|
|-weather|Sandstorm|[upkeep]
|-damage|p1a: Salamence|37/100|[from] Sandstorm
|-heal|p1a: Salamence|43/100|[from] item: Leftovers
|upkeep
|turn|17
|
|t:|1729203923
|move|p2a: Tyranitar|Rock Slide|p1a: Salamence
|-supereffective|p1a: Salamence
|-damage|p1a: Salamence|0 fnt
|faint|p1a: Salamence
|
|t:|1729203925
|switch|p1a: Heracross|Heracross, F|100/100
|-damage|p1a: Heracross|88/100|[from] Spikes
|
|-weather|Sandstorm|[upkeep]
|-damage|p1a: Heracross|82/100|[from] Sandstorm
|upkeep
|turn|18
|
|t:|1729203929
|move|p2a: Tyranitar|Double-Edge|p1a: Heracross
|-damage|p1a: Heracross|30/100
|-damage|p2a: Tyranitar|5/100|[from] Recoil|[of] p1a: Heracross
|move|p1a: Heracross|Swords Dance|p1a: Heracross
|-boost|p1a: Heracross|atk|2
|
|-weather|Sandstorm|[upkeep]
|-damage|p1a: Heracross|24/100|[from] Sandstorm
|-enditem|p1a: Heracross|Salac Berry|[eat]
|-boost|p1a: Heracross|spe|1|[from] item: Salac Berry
|upkeep
|turn|19
|
|t:|1729203951
|move|p1a: Heracross|Rock Slide|p2a: Tyranitar
|-damage|p2a: Tyranitar|0 fnt
|faint|p2a: Tyranitar
|
|t:|1729203953
|switch|p2a: Salamence|Salamence, F|100/100
|-ability|p2a: Salamence|Intimidate|boost
|-unboost|p1a: Heracross|atk|1
|
|-weather|Sandstorm|[upkeep]
|-damage|p1a: Heracross|18/100|[from] Sandstorm
|-damage|p2a: Salamence|94/100|[from] Sandstorm
|-heal|p2a: Salamence|100/100|[from] item: Leftovers
|upkeep
|turn|20
|
|t:|1729203958
|move|p1a: Heracross|Rock Slide|p2a: Salamence
|-supereffective|p2a: Salamence
|-damage|p2a: Salamence|19/100
|move|p2a: Salamence|Hidden Power|p1a: Heracross
|-supereffective|p1a: Heracross
|-damage|p1a: Heracross|0 fnt
|faint|p1a: Heracross
|
|win|mint yerb
|c|☆JensenDale|gg
|c|☆mint yerb|ggs! 
|c|☆JensenDale|make sure
|c|☆JensenDale|you save the games then post them in disc
|c|☆mint yerb|on it! thanks 
|c|☆JensenDale|np, gl further
|c|☆mint yerb|gl with the rest of the tour! 
|player|p1|

</script>
<script type="application/json" class="data" id="replaydata-smogtours-gen3ou-799409">
{"id":"smogtours-gen3ou-799409","format":"[Gen 3] OU","players":["JensenDale","mint yerb"],"uploadtime":1729203958,"views":108,"formatid":"gen3ou","rating":null,"private":0,"password":null}
</script>

<script defer src="js/replays.js?9d40a366"></script>
