<!DOCTYPE html>
<meta charset="utf-8" />
<meta name="viewport" content="width=device-width" />

<title>[Gen 3] OU: MeatballSpaghetti vs. zinc3 - Replays - Pok&eacute;mon Showdown!</title>

<meta name="description" content="Watch a replay of a Pok&eacute;mon battle between MeatballSpaghetti and zinc3! Format: [Gen 3] OU; Date: Oct 7, 2024" />
<!--

Hey, you! Looking in the source for the replay log?

You can find them in JSON format, just add `.json` at the end of a replay URL.

https://replay.pokemonshowdown.com/gen7randomdoublesbattle-865046831.json

Or, if you only need the log itself, add `.log` instead:

https://replay.pokemonshowdown.com/gen7randomdoublesbattle-865046831.log

-->

<link rel="stylesheet" href="//pokemonshowdown.com/style/global.css?0.767286132409787" />
<link rel="stylesheet" href="//play.pokemonshowdown.com/style/font-awesome.css?0.9266228007934947" />
<link rel="stylesheet" href="//play.pokemonshowdown.com/style/battle.css?0.7924700842790926" />
<link rel="stylesheet" href="//play.pokemonshowdown.com/style/utilichart.css?0.8777417872839479" />

<!-- Global site tag (gtag.js) - Google Analytics -->
<script async src="https://www.googletagmanager.com/gtag/js?id=UA-26211653-1"></script>
<script>
  window.dataLayer = window.dataLayer || [];
  function gtag(){dataLayer.push(arguments);}
  gtag('js', new Date());

  gtag('config', 'UA-26211653-1');
</script>
<!-- End Google Analytics -->
<!-- Venatus Ad Manager - Install in <HEAD> of page -->
	<script src="https://hb.vntsm.com/v3/live/ad-manager.min.js" type="text/javascript" data-site-id="642aba63ec9a7b11c3c9c1be" data-mode="scan" async></script>
<!-- / Venatus Ad Manager -->

<style>
	@media (max-width:820px) {
		.battle {
			margin: 0 auto;
		}
		.battle-log {
			margin: 7px auto 0;
			max-width: 640px;
			height: 300px;
			position: static;
		}
	}
	.optgroup {
		display: inline-block;
		line-height: 22px;
		font-size: 10pt;
	}
	.optgroup .button {
		height: 25px;
		padding-top: 0;
		padding-bottom: 0;
	}
	.optgroup button.button {
		padding-left: 12px;
		padding-right: 12px;
	}
	.linklist {
		list-style: none;
		margin: 0.5em 0;
		padding: 0;
	}
	.linklist li {
		padding: 2px 0;
	}
	.sidebar {
		float: left;
		width: 320px;
	}
	.bar-wrapper {
		max-width: 1100px;
		margin: 0 auto;
	}
	.bar-wrapper.has-sidebar {
		max-width: 1430px;
	}
	.mainbar {
		margin: 0;
		padding-right: 1px;
	}
	.mainbar.has-sidebar {
		margin-left: 330px;
	}
	@media (min-width: 1511px) {
		.sidebar {
			width: 400px;
		}
		.bar-wrapper.has-sidebar {
			max-width: 1510px;
		}
		.mainbar.has-sidebar {
			margin-left: 410px;
		}
	}
	.section.first-section {
		margin-top: 9px;
	}
	.blocklink small {
		white-space: normal;
	}
	.button {
		vertical-align: middle;
	}
	.replay-controls {
		padding-top: 10px;
	}
	.replay-controls h1 {
		font-size: 16pt;
		font-weight: normal;
		color: #CCC;
	}
	.pagelink {
		text-align: center;
	}
	.pagelink a {
		width: 150px;
	}
	.textbox, .button {
		font-size: 11pt;
		vertical-align: middle;
	}
	@media (max-width: 450px) {
		.button {
			font-size: 9pt;
		}
	}
</style>

<div>

	<header>
		<div class="nav-wrapper"><ul class="nav">
			<li><a class="button nav-first" href="//pokemonshowdown.com/"><img src="//pokemonshowdown.com/images/pokemonshowdownbeta.png" srcset="//pokemonshowdown.com/images/pokemonshowdownbeta.png 1x, //pokemonshowdown.com/images/pokemonshowdownbeta@2x.png 2x" alt="Pok&eacute;mon Showdown" width="146" height="44" /> Home</a></li>
			<li><a class="button" href="//pokemonshowdown.com/dex/">Pok&eacute;dex</a></li>
			<li><a class="button cur" href="/">Replays</a></li>
			<li><a class="button" href="//pokemonshowdown.com/ladder/">Ladder</a></li>
			<li><a class="button nav-last" href="//pokemonshowdown.com/forums/">Forum</a></li>
			<li><a class="button greenbutton nav-first nav-last" href="//play.pokemonshowdown.com/">Play</a></li>
		</ul></div>
	</header>

	<div class="main" id="main">

		<noscript><section class="section">You need to enable JavaScript to use this page; sorry!</section></noscript>

	</div>

</div>

<script defer nomodule src="//play.pokemonshowdown.com/js/lib/ps-polyfill.js"></script>
<script defer src="//play.pokemonshowdown.com/js/lib/preact.min.js"></script>

<script defer src="//play.pokemonshowdown.com/config/config.js?6dec07f6"></script>
<script defer src="//play.pokemonshowdown.com/js/lib/jquery-1.11.0.min.js"></script>
<script defer src="//play.pokemonshowdown.com/js/lib/html-sanitizer-minified.js"></script>
<script defer src="//play.pokemonshowdown.com/js/battle-sound.js"></script>
<script defer src="//play.pokemonshowdown.com/js/battledata.js?0.6315294753075389"></script>
<script defer src="//play.pokemonshowdown.com/data/pokedex-mini.js?0.7603743185311358"></script>
<script defer src="//play.pokemonshowdown.com/data/pokedex-mini-bw.js?0.030888842834281283"></script>
<script defer src="//play.pokemonshowdown.com/data/graphics.js?0.05593094747507488"></script>
<script defer src="//play.pokemonshowdown.com/data/pokedex.js?0.47064822249611904"></script>
<script defer src="//play.pokemonshowdown.com/data/moves.js?0.8583693120512459"></script>
<script defer src="//play.pokemonshowdown.com/data/abilities.js?0.16017181182386842"></script>
<script defer src="//play.pokemonshowdown.com/data/items.js?0.4163379185673943"></script>
<script defer src="//play.pokemonshowdown.com/data/teambuilder-tables.js?0.31075597372830477"></script>
<script defer src="//play.pokemonshowdown.com/js/battle-tooltips.js?0.6536193500708172"></script>
<script defer src="//play.pokemonshowdown.com/js/battle.js?0.1916591943277901"></script>

<script defer src="js/utils.js?e31f9a17"></script>
<script defer src="js/replays-battle.js?7008c182"></script>

<!-- don't scrape this data! just add .json or .log after the URL!
Full API docs: https://github.com/smogon/pokemon-showdown-client/blob/master/WEB-API.md -->
<script type="text/plain" class="log" id="replaylog-smogtours-gen3ou-796073">
|inactive|Battle timer is ON: inactive players will automatically lose when time's up.
|t:|1728259021
|gametype|singles
|player|p1|MeatballSpaghetti|266|
|player|p2|zinc3|touristf|
|teamsize|p1|6
|teamsize|p2|6
|gen|3
|tier|[Gen 3] OU
|rule|Sleep Clause Mod: Limit one foe put to sleep
|rule|Switch Priority Clause Mod: Faster Pokémon switch first
|rule|Species Clause: Limit one of each Pokémon
|rule|OHKO Clause: OHKO moves are banned
|rule|Evasion Items Clause: Evasion items are banned
|rule|Evasion Moves Clause: Evasion moves are banned
|rule|Endless Battle Clause: Forcing endless battles is banned
|rule|HP Percentage Mod: HP is shown in percentages
|rule|One Boost Passer Clause: Limit one Baton Passer that has a way to boost its stats
|rule|Freeze Clause Mod: Limit one foe frozen
|
|t:|1728259021
|start
|switch|p1a: Suicune|Suicune|100/100
|switch|p2a: Zapdos|Zapdos|100/100
|turn|1
|c|☆zinc3|hf
|c|☆MeatballSpaghetti|glhf
|
|t:|1728259046
|switch|p1a: Snorlax|Snorlax, F|100/100
|move|p2a: Zapdos|Thunderbolt|p1a: Snorlax
|-damage|p1a: Snorlax|67/100
|
|-heal|p1a: Snorlax|74/100|[from] item: Leftovers
|upkeep
|turn|2
|
|t:|1728259055
|move|p2a: Zapdos|Baton Pass|p2a: Zapdos
|
|t:|1728259057
|switch|p2a: Metagross|Metagross|100/100|[from] Baton Pass
|move|p1a: Snorlax|Body Slam|p2a: Metagross
|-resisted|p2a: Metagross
|-damage|p2a: Metagross|84/100
|
|-heal|p2a: Metagross|90/100|[from] item: Leftovers
|-heal|p1a: Snorlax|80/100|[from] item: Leftovers
|upkeep
|turn|3
|
|t:|1728259067
|switch|p1a: Suicune|Suicune|100/100
|move|p2a: Metagross|Meteor Mash|p1a: Suicune
|-resisted|p1a: Suicune
|-damage|p1a: Suicune|84/100
|
|-heal|p1a: Suicune|90/100|[from] item: Leftovers
|-heal|p2a: Metagross|96/100|[from] item: Leftovers
|upkeep
|turn|4
|inactive|MeatballSpaghetti has 270 seconds left.
|inactive|zinc3 has 270 seconds left.
|
|t:|1728259125
|move|p2a: Metagross|Explosion|p1a: Suicune
|-damage|p1a: Suicune|0 fnt
|faint|p2a: Metagross
|faint|p1a: Suicune
|
|t:|1728259131
|switch|p1a: Snorlax|Snorlax, F|80/100
|switch|p2a: Tyranitar|Tyranitar, F|100/100
|-weather|Sandstorm|[from] ability: Sand Stream|[of] p2a: Tyranitar
|
|-weather|Sandstorm|[upkeep]
|-damage|p1a: Snorlax|74/100|[from] Sandstorm
|-heal|p1a: Snorlax|80/100|[from] item: Leftovers
|upkeep
|turn|5
|
|t:|1728259147
|move|p2a: Tyranitar|Dragon Dance|p2a: Tyranitar
|-boost|p2a: Tyranitar|atk|1
|-boost|p2a: Tyranitar|spe|1
|move|p1a: Snorlax|Earthquake|p2a: Tyranitar
|-supereffective|p2a: Tyranitar
|-damage|p2a: Tyranitar|43/100
|
|-weather|Sandstorm|[upkeep]
|-damage|p1a: Snorlax|74/100|[from] Sandstorm
|-heal|p1a: Snorlax|80/100|[from] item: Leftovers
|upkeep
|turn|6
|
|t:|1728259153
|move|p2a: Tyranitar|Rock Slide|p1a: Snorlax
|-damage|p1a: Snorlax|24/100
|move|p1a: Snorlax|Earthquake|p2a: Tyranitar
|-supereffective|p2a: Tyranitar
|-damage|p2a: Tyranitar|0 fnt
|faint|p2a: Tyranitar
|
|t:|1728259158
|switch|p2a: Zapdos|Zapdos|100/100
|
|-weather|Sandstorm|[upkeep]
|-damage|p2a: Zapdos|94/100|[from] Sandstorm
|-damage|p1a: Snorlax|17/100|[from] Sandstorm
|-heal|p2a: Zapdos|100/100|[from] item: Leftovers
|-heal|p1a: Snorlax|24/100|[from] item: Leftovers
|upkeep
|turn|7
|
|t:|1728259171
|switch|p1a: Magneton|Magneton|100/100
|move|p2a: Zapdos|Thunderbolt|p1a: Magneton
|-resisted|p1a: Magneton
|-damage|p1a: Magneton|55/100
|
|-weather|Sandstorm|[upkeep]
|-damage|p2a: Zapdos|94/100|[from] Sandstorm
|-heal|p2a: Zapdos|100/100|[from] item: Leftovers
|upkeep
|turn|8
|
|t:|1728259176
|switch|p2a: Celebi|Celebi|100/100
|move|p1a: Magneton|Thunder Wave|p2a: Celebi
|-status|p2a: Celebi|par
|
|-weather|Sandstorm|[upkeep]
|-damage|p2a: Celebi|94/100 par|[from] Sandstorm
|-heal|p2a: Celebi|100/100 par|[from] item: Leftovers
|upkeep
|turn|9
|inactive|MeatballSpaghetti has 270 seconds left.
|inactive|MeatballSpaghetti has 240 seconds left.
|
|t:|1728259219
|move|p1a: Magneton|Rain Dance|p1a: Magneton
|-weather|RainDance
|move|p2a: Celebi|Calm Mind|p2a: Celebi
|-boost|p2a: Celebi|spa|1
|-boost|p2a: Celebi|spd|1
|
|-weather|RainDance|[upkeep]
|upkeep
|turn|10
|inactive|MeatballSpaghetti has 240 seconds left.
|
|t:|1728259247
|switch|p1a: Heracross|Heracross, M|100/100
|move|p2a: Celebi|Calm Mind|p2a: Celebi
|-boost|p2a: Celebi|spa|1
|-boost|p2a: Celebi|spd|1
|
|-weather|RainDance|[upkeep]
|upkeep
|turn|11
|
|t:|1728259256
|-curestatus|p2a: Celebi|par|[from] ability: Natural Cure
|switch|p2a: Zapdos|Zapdos|100/100
|move|p1a: Heracross|Substitute|p1a: Heracross
|-start|p1a: Heracross|Substitute
|-damage|p1a: Heracross|75/100
|
|-weather|RainDance|[upkeep]
|upkeep
|turn|12
|
|t:|1728259261
|move|p1a: Heracross|Rock Slide|p2a: Zapdos
|-supereffective|p2a: Zapdos
|-damage|p2a: Zapdos|45/100
|cant|p2a: Zapdos|flinch
|
|-weather|RainDance|[upkeep]
|-heal|p2a: Zapdos|51/100|[from] item: Leftovers
|upkeep
|turn|13
|
|t:|1728259270
|switch|p2a: Swampert|Swampert, F|100/100
|move|p1a: Heracross|Rock Slide|p2a: Swampert
|-resisted|p2a: Swampert
|-damage|p2a: Swampert|89/100
|
|-weather|none
|-heal|p2a: Swampert|95/100|[from] item: Leftovers
|upkeep
|turn|14
|
|t:|1728259274
|move|p1a: Heracross|Swords Dance|p1a: Heracross
|-boost|p1a: Heracross|atk|2
|move|p2a: Swampert|Surf|p1a: Heracross
|-crit|p1a: Heracross
|-end|p1a: Heracross|Substitute
|
|-heal|p2a: Swampert|100/100|[from] item: Leftovers
|upkeep
|turn|15
|
|t:|1728259283
|move|p1a: Heracross|Substitute|p1a: Heracross
|-start|p1a: Heracross|Substitute
|-damage|p1a: Heracross|50/100
|move|p2a: Swampert|Surf|p1a: Heracross
|-end|p1a: Heracross|Substitute
|
|upkeep
|turn|16
|
|t:|1728259289
|move|p1a: Heracross|Megahorn|p2a: Swampert
|-damage|p2a: Swampert|0 fnt
|faint|p2a: Swampert
|
|t:|1728259292
|switch|p2a: Charizard|Charizard, F|100/100
|
|upkeep
|turn|17
|
|t:|1728259301
|switch|p1a: Snorlax|Snorlax, F|24/100
|move|p2a: Charizard|Flamethrower|p1a: Snorlax
|-damage|p1a: Snorlax|0 fnt
|faint|p1a: Snorlax
|
|t:|1728259314
|switch|p1a: Salamence|Salamence, F|100/100
|-ability|p1a: Salamence|Intimidate|boost
|-unboost|p2a: Charizard|atk|1
|
|upkeep
|turn|18
|
|t:|1728259324
|switch|p2a: Zapdos|Zapdos|51/100
|move|p1a: Salamence|Dragon Claw|p2a: Zapdos
|-damage|p2a: Zapdos|10/100
|
|-heal|p2a: Zapdos|16/100|[from] item: Leftovers
|upkeep
|turn|19
|
|t:|1728259330
|move|p1a: Salamence|Dragon Claw|p2a: Zapdos
|-damage|p2a: Zapdos|0 fnt
|faint|p2a: Zapdos
|
|t:|1728259333
|switch|p2a: Celebi|Celebi|100/100
|
|upkeep
|turn|20
|
|t:|1728259339
|move|p2a: Celebi|Calm Mind|p2a: Celebi
|-boost|p2a: Celebi|spa|1
|-boost|p2a: Celebi|spd|1
|move|p1a: Salamence|Fire Blast|p2a: Celebi
|-supereffective|p2a: Celebi
|-damage|p2a: Celebi|57/100
|
|-heal|p2a: Celebi|63/100|[from] item: Leftovers
|upkeep
|turn|21
|
|t:|1728259350
|switch|p1a: Metagross|Metagross|100/100
|move|p2a: Celebi|Calm Mind|p2a: Celebi
|-boost|p2a: Celebi|spa|1
|-boost|p2a: Celebi|spd|1
|
|-heal|p2a: Celebi|70/100|[from] item: Leftovers
|upkeep
|turn|22
|
|t:|1728259360
|move|p2a: Celebi|Hidden Power|p1a: Metagross
|-supereffective|p1a: Metagross
|-damage|p1a: Metagross|30/100
|move|p1a: Metagross|Meteor Mash|p2a: Celebi
|-damage|p2a: Celebi|3/100
|-boost|p1a: Metagross|atk|1
|
|-heal|p2a: Celebi|10/100|[from] item: Leftovers
|upkeep
|turn|23
|
|t:|1728259376
|move|p2a: Celebi|Hidden Power|p1a: Metagross
|-supereffective|p1a: Metagross
|-damage|p1a: Metagross|0 fnt
|faint|p1a: Metagross
|
|t:|1728259379
|switch|p1a: Salamence|Salamence, F|100/100
|-ability|p1a: Salamence|Intimidate|boost
|-unboost|p2a: Celebi|atk|1
|
|-heal|p2a: Celebi|16/100|[from] item: Leftovers
|upkeep
|turn|24
|
|t:|1728259382
|move|p2a: Celebi|Baton Pass|p2a: Celebi
|
|t:|1728259384
|switch|p2a: Charizard|Charizard, F|100/100|[from] Baton Pass
|move|p1a: Salamence|Dragon Claw|p2a: Charizard
|-damage|p2a: Charizard|73/100
|
|-heal|p2a: Charizard|79/100|[from] item: Leftovers
|upkeep
|turn|25
|
|t:|1728259393
|move|p2a: Charizard|Flamethrower|p1a: Salamence
|-resisted|p1a: Salamence
|-damage|p1a: Salamence|44/100
|move|p1a: Salamence|Dragon Claw|p2a: Charizard
|-damage|p2a: Charizard|52/100
|
|-heal|p2a: Charizard|58/100|[from] item: Leftovers
|-heal|p1a: Salamence|50/100|[from] item: Leftovers
|upkeep
|turn|26
|
|t:|1728259398
|move|p2a: Charizard|Flamethrower|p1a: Salamence
|-resisted|p1a: Salamence
|-damage|p1a: Salamence|0 fnt
|faint|p1a: Salamence
|c|☆MeatballSpaghetti|gg
|
|t:|1728259406
|switch|p1a: Heracross|Heracross, M|50/100
|
|-heal|p2a: Charizard|64/100|[from] item: Leftovers
|upkeep
|turn|27
|
|t:|1728259410
|move|p2a: Charizard|Flamethrower|p1a: Heracross
|-supereffective|p1a: Heracross
|-damage|p1a: Heracross|0 fnt
|faint|p1a: Heracross
|
|t:|1728259412
|switch|p1a: Magneton|Magneton|55/100
|
|-heal|p2a: Charizard|70/100|[from] item: Leftovers
|upkeep
|turn|28
|
|t:|1728259415
|move|p2a: Charizard|Flamethrower|p1a: Magneton
|-supereffective|p1a: Magneton
|-damage|p1a: Magneton|0 fnt
|faint|p1a: Magneton
|
|win|zinc3
|c|☆zinc3|gg
|player|p1|

</script>
<script type="application/json" class="data" id="replaydata-smogtours-gen3ou-796073">
{"id":"smogtours-gen3ou-796073","format":"[Gen 3] OU","players":["MeatballSpaghetti","zinc3"],"uploadtime":1728259415,"views":124,"formatid":"gen3ou","rating":null,"private":0,"password":null}
</script>

<script defer src="js/replays.js?9d40a366"></script>
