<!DOCTYPE html>
<meta charset="utf-8" />
<meta name="viewport" content="width=device-width" />

<title>[Gen 3] OU: GreenCity vs. Emerald_Harrold - Replays - Pok&eacute;mon Showdown!</title>

<meta name="description" content="Watch a replay of a Pok&eacute;mon battle between GreenCity and Emerald_Harrold! Format: [Gen 3] OU; Date: Oct 2, 2024" />
<!--

Hey, you! Looking in the source for the replay log?

You can find them in JSON format, just add `.json` at the end of a replay URL.

https://replay.pokemonshowdown.com/gen7randomdoublesbattle-865046831.json

Or, if you only need the log itself, add `.log` instead:

https://replay.pokemonshowdown.com/gen7randomdoublesbattle-865046831.log

-->

<link rel="stylesheet" href="//pokemonshowdown.com/style/global.css?0.023195364461161105" />
<link rel="stylesheet" href="//play.pokemonshowdown.com/style/font-awesome.css?0.13261647063804238" />
<link rel="stylesheet" href="//play.pokemonshowdown.com/style/battle.css?0.8753245789963631" />
<link rel="stylesheet" href="//play.pokemonshowdown.com/style/utilichart.css?0.8627959624976733" />

<!-- Global site tag (gtag.js) - Google Analytics -->
<script async src="https://www.googletagmanager.com/gtag/js?id=UA-26211653-1"></script>
<script>
  window.dataLayer = window.dataLayer || [];
  function gtag(){dataLayer.push(arguments);}
  gtag('js', new Date());

  gtag('config', 'UA-26211653-1');
</script>
<!-- End Google Analytics -->
<!-- Venatus Ad Manager - Install in <HEAD> of page -->
	<script src="https://hb.vntsm.com/v3/live/ad-manager.min.js" type="text/javascript" data-site-id="642aba63ec9a7b11c3c9c1be" data-mode="scan" async></script>
<!-- / Venatus Ad Manager -->

<style>
	@media (max-width:820px) {
		.battle {
			margin: 0 auto;
		}
		.battle-log {
			margin: 7px auto 0;
			max-width: 640px;
			height: 300px;
			position: static;
		}
	}
	.optgroup {
		display: inline-block;
		line-height: 22px;
		font-size: 10pt;
	}
	.optgroup .button {
		height: 25px;
		padding-top: 0;
		padding-bottom: 0;
	}
	.optgroup button.button {
		padding-left: 12px;
		padding-right: 12px;
	}
	.linklist {
		list-style: none;
		margin: 0.5em 0;
		padding: 0;
	}
	.linklist li {
		padding: 2px 0;
	}
	.sidebar {
		float: left;
		width: 320px;
	}
	.bar-wrapper {
		max-width: 1100px;
		margin: 0 auto;
	}
	.bar-wrapper.has-sidebar {
		max-width: 1430px;
	}
	.mainbar {
		margin: 0;
		padding-right: 1px;
	}
	.mainbar.has-sidebar {
		margin-left: 330px;
	}
	@media (min-width: 1511px) {
		.sidebar {
			width: 400px;
		}
		.bar-wrapper.has-sidebar {
			max-width: 1510px;
		}
		.mainbar.has-sidebar {
			margin-left: 410px;
		}
	}
	.section.first-section {
		margin-top: 9px;
	}
	.blocklink small {
		white-space: normal;
	}
	.button {
		vertical-align: middle;
	}
	.replay-controls {
		padding-top: 10px;
	}
	.replay-controls h1 {
		font-size: 16pt;
		font-weight: normal;
		color: #CCC;
	}
	.pagelink {
		text-align: center;
	}
	.pagelink a {
		width: 150px;
	}
	.textbox, .button {
		font-size: 11pt;
		vertical-align: middle;
	}
	@media (max-width: 450px) {
		.button {
			font-size: 9pt;
		}
	}
</style>

<div>

	<header>
		<div class="nav-wrapper"><ul class="nav">
			<li><a class="button nav-first" href="//pokemonshowdown.com/"><img src="//pokemonshowdown.com/images/pokemonshowdownbeta.png" srcset="//pokemonshowdown.com/images/pokemonshowdownbeta.png 1x, //pokemonshowdown.com/images/pokemonshowdownbeta@2x.png 2x" alt="Pok&eacute;mon Showdown" width="146" height="44" /> Home</a></li>
			<li><a class="button" href="//pokemonshowdown.com/dex/">Pok&eacute;dex</a></li>
			<li><a class="button cur" href="/">Replays</a></li>
			<li><a class="button" href="//pokemonshowdown.com/ladder/">Ladder</a></li>
			<li><a class="button nav-last" href="//pokemonshowdown.com/forums/">Forum</a></li>
			<li><a class="button greenbutton nav-first nav-last" href="//play.pokemonshowdown.com/">Play</a></li>
		</ul></div>
	</header>

	<div class="main" id="main">

		<noscript><section class="section">You need to enable JavaScript to use this page; sorry!</section></noscript>

	</div>

</div>

<script defer nomodule src="//play.pokemonshowdown.com/js/lib/ps-polyfill.js"></script>
<script defer src="//play.pokemonshowdown.com/js/lib/preact.min.js"></script>

<script defer src="//play.pokemonshowdown.com/config/config.js?2bddbc15"></script>
<script defer src="//play.pokemonshowdown.com/js/lib/jquery-1.11.0.min.js"></script>
<script defer src="//play.pokemonshowdown.com/js/lib/html-sanitizer-minified.js"></script>
<script defer src="//play.pokemonshowdown.com/js/battle-sound.js"></script>
<script defer src="//play.pokemonshowdown.com/js/battledata.js?0.7209276989879541"></script>
<script defer src="//play.pokemonshowdown.com/data/pokedex-mini.js?0.6111056340867951"></script>
<script defer src="//play.pokemonshowdown.com/data/pokedex-mini-bw.js?0.3532142036491459"></script>
<script defer src="//play.pokemonshowdown.com/data/graphics.js?0.24223875632456182"></script>
<script defer src="//play.pokemonshowdown.com/data/pokedex.js?0.38839984266356864"></script>
<script defer src="//play.pokemonshowdown.com/data/moves.js?0.21866028504024015"></script>
<script defer src="//play.pokemonshowdown.com/data/abilities.js?0.2005157953846628"></script>
<script defer src="//play.pokemonshowdown.com/data/items.js?0.9894211263848525"></script>
<script defer src="//play.pokemonshowdown.com/data/teambuilder-tables.js?0.6008791140282215"></script>
<script defer src="//play.pokemonshowdown.com/js/battle-tooltips.js?0.7580118955022959"></script>
<script defer src="//play.pokemonshowdown.com/js/battle.js?0.6057722274234274"></script>

<script defer src="js/utils.js?e31f9a17"></script>
<script defer src="js/replays-battle.js?7008c182"></script>

<!-- don't scrape this data! just add .json or .log after the URL!
Full API docs: https://github.com/smogon/pokemon-showdown-client/blob/master/WEB-API.md -->
<script type="text/plain" class="log" id="replaylog-smogtours-gen3ou-794093">
|inactive|Battle timer is ON: inactive players will automatically lose when time's up.
|t:|1727906125
|gametype|singles
|player|p1|GreenCity|pokemonranger-gen4|
|player|p2|Emerald_Harrold|brandon-gen3|
|teamsize|p1|6
|teamsize|p2|6
|gen|3
|tier|[Gen 3] OU
|rule|Sleep Clause Mod: Limit one foe put to sleep
|rule|Switch Priority Clause Mod: Faster Pokémon switch first
|rule|Species Clause: Limit one of each Pokémon
|rule|OHKO Clause: OHKO moves are banned
|rule|Evasion Items Clause: Evasion items are banned
|rule|Evasion Moves Clause: Evasion moves are banned
|rule|Endless Battle Clause: Forcing endless battles is banned
|rule|HP Percentage Mod: HP is shown in percentages
|rule|One Boost Passer Clause: Limit one Baton Passer that has a way to boost its stats
|rule|Freeze Clause Mod: Limit one foe frozen
|
|t:|1727906125
|start
|switch|p1a: Tyranitar|Tyranitar, M|100/100
|switch|p2a: Glalie|Glalie, F|100/100
|-weather|Sandstorm|[from] ability: Sand Stream|[of] p1a: Tyranitar
|turn|1
|inactive|GreenCity also wants the timer to be on.
|inactive|Emerald_Harrold has 270 seconds left.
|
|t:|1727906163
|-singleturn|p1a: Tyranitar|move: Focus Punch
|switch|p2a: Swampert|Swampert, M|100/100
|move|p1a: Tyranitar|Focus Punch|p2a: Swampert
|-damage|p2a: Swampert|35/100
|
|-weather|Sandstorm|[upkeep]
|-heal|p2a: Swampert|41/100|[from] item: Leftovers
|upkeep
|turn|2
|
|t:|1727906181
|switch|p1a: Starmie|Starmie|100/100
|move|p2a: Swampert|Hydro Pump|p1a: Starmie|[miss]
|-miss|p2a: Swampert|p1a: Starmie
|
|-weather|Sandstorm|[upkeep]
|-damage|p1a: Starmie|94/100|[from] Sandstorm
|-heal|p1a: Starmie|100/100|[from] item: Leftovers
|-heal|p2a: Swampert|47/100|[from] item: Leftovers
|upkeep
|turn|3
|
|t:|1727906201
|switch|p2a: Gengar|Gengar, M|100/100
|move|p1a: Starmie|Surf|p2a: Gengar
|-crit|p2a: Gengar
|-damage|p2a: Gengar|25/100
|
|-weather|Sandstorm|[upkeep]
|-damage|p1a: Starmie|94/100|[from] Sandstorm
|-damage|p2a: Gengar|19/100|[from] Sandstorm
|-heal|p1a: Starmie|100/100|[from] item: Leftovers
|-heal|p2a: Gengar|25/100|[from] item: Leftovers
|upkeep
|turn|4
|
|t:|1727906226
|move|p1a: Starmie|Surf|p2a: Gengar
|-damage|p2a: Gengar|0 fnt
|faint|p2a: Gengar
|
|t:|1727906229
|switch|p2a: Jolteon|Jolteon, F|100/100
|
|-weather|Sandstorm|[upkeep]
|-damage|p2a: Jolteon|95/100|[from] Sandstorm
|-damage|p1a: Starmie|94/100|[from] Sandstorm
|-heal|p2a: Jolteon|100/100|[from] item: Leftovers
|-heal|p1a: Starmie|100/100|[from] item: Leftovers
|upkeep
|turn|5
|
|t:|1727906256
|switch|p1a: Blissey|Blissey, F|100/100
|move|p2a: Jolteon|Thunderbolt|p1a: Blissey
|-damage|p1a: Blissey|82/100
|
|-weather|Sandstorm|[upkeep]
|-damage|p2a: Jolteon|95/100|[from] Sandstorm
|-damage|p1a: Blissey|76/100|[from] Sandstorm
|-heal|p2a: Jolteon|100/100|[from] item: Leftovers
|-heal|p1a: Blissey|82/100|[from] item: Leftovers
|upkeep
|turn|6
|inactive|GreenCity has 270 seconds left.
|
|t:|1727906288
|switch|p2a: Glalie|Glalie, F|100/100
|switch|p1a: Tyranitar|Tyranitar, M|100/100
|
|-weather|Sandstorm|[upkeep]
|-damage|p2a: Glalie|94/100|[from] Sandstorm
|upkeep
|turn|7
|
|t:|1727906301
|move|p2a: Glalie|Ice Beam|p1a: Tyranitar
|-damage|p1a: Tyranitar|77/100
|-status|p1a: Tyranitar|frz
|cant|p1a: Tyranitar|frz
|
|-weather|Sandstorm|[upkeep]
|-damage|p2a: Glalie|88/100|[from] Sandstorm
|-heal|p1a: Tyranitar|83/100 frz|[from] item: Leftovers
|upkeep
|turn|8
|inactive|GreenCity has 270 seconds left.
|inactive|Emerald_Harrold has 270 seconds left.
|
|t:|1727906327
|move|p2a: Glalie|Spikes|p1a: Tyranitar
|-sidestart|p1: GreenCity|Spikes
|-curestatus|p1a: Tyranitar|frz|[msg]
|move|p1a: Tyranitar|Rock Slide|p2a: Glalie|[miss]
|-miss|p1a: Tyranitar|p2a: Glalie
|
|-weather|Sandstorm|[upkeep]
|-damage|p2a: Glalie|82/100|[from] Sandstorm
|-heal|p1a: Tyranitar|89/100|[from] item: Leftovers
|upkeep
|turn|9
|inactive|Emerald_Harrold has 270 seconds left.
|
|t:|1727906341
|-singleturn|p1a: Tyranitar|move: Focus Punch
|switch|p2a: Swampert|Swampert, M|47/100
|move|p1a: Tyranitar|Focus Punch|p2a: Swampert
|-damage|p2a: Swampert|0 fnt
|faint|p2a: Swampert
|inactive|Emerald_Harrold has 270 seconds left.
|
|t:|1727906373
|switch|p2a: Jolteon|Jolteon, F|100/100
|
|-weather|Sandstorm|[upkeep]
|-damage|p2a: Jolteon|95/100|[from] Sandstorm
|-heal|p2a: Jolteon|100/100|[from] item: Leftovers
|-heal|p1a: Tyranitar|96/100|[from] item: Leftovers
|upkeep
|turn|10
|inactive|GreenCity has 270 seconds left.
|
|t:|1727906384
|move|p2a: Jolteon|Thunderbolt|p1a: Tyranitar
|-damage|p1a: Tyranitar|59/100
|move|p1a: Tyranitar|Earthquake|p2a: Jolteon
|-supereffective|p2a: Jolteon
|-damage|p2a: Jolteon|0 fnt
|faint|p2a: Jolteon
|inactive|Emerald_Harrold has 240 seconds left.
|
|t:|1727906417
|switch|p2a: Tyranitar|Tyranitar, F|100/100
|
|-weather|Sandstorm|[upkeep]
|-heal|p1a: Tyranitar|65/100|[from] item: Leftovers
|upkeep
|turn|11
|
|t:|1727906423
|switch|p1a: Swampert|Swampert, M|100/100
|-damage|p1a: Swampert|88/100|[from] Spikes
|move|p2a: Tyranitar|Earthquake|p1a: Swampert
|-damage|p1a: Swampert|62/100
|
|-weather|Sandstorm|[upkeep]
|-heal|p1a: Swampert|68/100|[from] item: Leftovers
|upkeep
|turn|12
|inactive|Emerald_Harrold has 240 seconds left.
|
|t:|1727906433
|switch|p2a: Glalie|Glalie, F|82/100
|move|p1a: Swampert|Earthquake|p2a: Glalie
|-damage|p2a: Glalie|34/100
|
|-weather|Sandstorm|[upkeep]
|-damage|p2a: Glalie|28/100|[from] Sandstorm
|-heal|p1a: Swampert|74/100|[from] item: Leftovers
|upkeep
|turn|13
|inactive|Emerald_Harrold has 240 seconds left.
|
|t:|1727906454
|switch|p1a: Skarmory|Skarmory, M|100/100
|move|p2a: Glalie|Ice Beam|p1a: Skarmory
|-damage|p1a: Skarmory|74/100
|
|-weather|Sandstorm|[upkeep]
|-damage|p2a: Glalie|21/100|[from] Sandstorm
|-enditem|p2a: Glalie|Salac Berry|[eat]
|-boost|p2a: Glalie|spe|1|[from] item: Salac Berry
|-heal|p1a: Skarmory|80/100|[from] item: Leftovers
|upkeep
|turn|14
|inactive|Emerald_Harrold has 240 seconds left.
|
|t:|1727906462
|move|p2a: Glalie|Taunt|p1a: Skarmory
|-start|p1a: Skarmory|move: Taunt
|cant|p1a: Skarmory|move: Taunt|Spikes
|
|-weather|Sandstorm|[upkeep]
|-damage|p2a: Glalie|15/100|[from] Sandstorm
|-heal|p1a: Skarmory|86/100|[from] item: Leftovers
|upkeep
|turn|15
|inactive|Emerald_Harrold has 240 seconds left.
|
|t:|1727906473
|move|p2a: Glalie|Spikes|p1a: Skarmory
|-sidestart|p1: GreenCity|Spikes
|move|p1a: Skarmory|Drill Peck|p2a: Glalie
|-damage|p2a: Glalie|0 fnt
|faint|p2a: Glalie
|
|t:|1727906477
|switch|p2a: Moltres|Moltres|100/100
|
|-weather|Sandstorm|[upkeep]
|-damage|p2a: Moltres|94/100|[from] Sandstorm
|-heal|p2a: Moltres|100/100|[from] item: Leftovers
|-heal|p1a: Skarmory|92/100|[from] item: Leftovers
|-end|p1a: Skarmory|move: Taunt|[silent]
|upkeep
|turn|16
|
|t:|1727906501
|move|p2a: Moltres|Will-O-Wisp|p1a: Skarmory|[miss]
|-miss|p2a: Moltres|p1a: Skarmory
|move|p1a: Skarmory|Spikes|p2a: Moltres
|-sidestart|p2: Emerald_Harrold|Spikes
|
|-weather|Sandstorm|[upkeep]
|-damage|p2a: Moltres|94/100|[from] Sandstorm
|-heal|p2a: Moltres|100/100|[from] item: Leftovers
|-heal|p1a: Skarmory|98/100|[from] item: Leftovers
|upkeep
|turn|17
|
|t:|1727906509
|move|p1a: Skarmory|Protect|p1a: Skarmory
|-singleturn|p1a: Skarmory|Protect
|move|p2a: Moltres|Flamethrower|p1a: Skarmory
|-activate|p1a: Skarmory|Protect
|
|-weather|Sandstorm|[upkeep]
|-damage|p2a: Moltres|94/100|[from] Sandstorm
|-heal|p2a: Moltres|100/100|[from] item: Leftovers
|-heal|p1a: Skarmory|100/100|[from] item: Leftovers
|upkeep
|turn|18
|
|t:|1727906531
|move|p2a: Moltres|Will-O-Wisp|p1a: Skarmory
|-status|p1a: Skarmory|brn
|move|p1a: Skarmory|Drill Peck|p2a: Moltres
|-damage|p2a: Moltres|88/100
|
|-weather|Sandstorm|[upkeep]
|-damage|p2a: Moltres|82/100|[from] Sandstorm
|-heal|p2a: Moltres|88/100|[from] item: Leftovers
|-damage|p1a: Skarmory|88/100 brn|[from] brn
|upkeep
|turn|19
|
|t:|1727906537
|move|p2a: Moltres|Flamethrower|p1a: Skarmory
|-supereffective|p1a: Skarmory
|-damage|p1a: Skarmory|0 fnt
|faint|p1a: Skarmory
|inactive|GreenCity has 270 seconds left.
|
|t:|1727906597
|switch|p1a: Tyranitar|Tyranitar, M|65/100
|-damage|p1a: Tyranitar|48/100|[from] Spikes
|
|-weather|Sandstorm|[upkeep]
|-damage|p2a: Moltres|82/100|[from] Sandstorm
|-heal|p2a: Moltres|88/100|[from] item: Leftovers
|-heal|p1a: Tyranitar|54/100|[from] item: Leftovers
|upkeep
|turn|20
|
|t:|1727906605
|move|p2a: Moltres|Hidden Power|p1a: Tyranitar
|-supereffective|p1a: Tyranitar
|-damage|p1a: Tyranitar|7/100
|move|p1a: Tyranitar|Rock Slide|p2a: Moltres|[miss]
|-miss|p1a: Tyranitar|p2a: Moltres
|
|-weather|Sandstorm|[upkeep]
|-damage|p2a: Moltres|82/100|[from] Sandstorm
|-heal|p2a: Moltres|88/100|[from] item: Leftovers
|-heal|p1a: Tyranitar|13/100|[from] item: Leftovers
|upkeep
|turn|21
|inactive|Emerald_Harrold has 270 seconds left.
|
|t:|1727906625
|switch|p1a: Zapdos|Zapdos|100/100
|move|p2a: Moltres|Hidden Power|p1a: Zapdos
|-resisted|p1a: Zapdos
|-damage|p1a: Zapdos|91/100
|
|-weather|Sandstorm|[upkeep]
|-damage|p2a: Moltres|82/100|[from] Sandstorm
|-damage|p1a: Zapdos|85/100|[from] Sandstorm
|-heal|p2a: Moltres|88/100|[from] item: Leftovers
|-heal|p1a: Zapdos|91/100|[from] item: Leftovers
|upkeep
|turn|22
|
|t:|1727906650
|move|p2a: Moltres|Flamethrower|p1a: Zapdos
|-damage|p1a: Zapdos|48/100
|-status|p1a: Zapdos|brn
|move|p1a: Zapdos|Thunderbolt|p2a: Moltres
|-supereffective|p2a: Moltres
|-crit|p2a: Moltres
|-damage|p2a: Moltres|0 fnt
|faint|p2a: Moltres
|
|t:|1727906656
|switch|p2a: Tyranitar|Tyranitar, F|100/100
|-damage|p2a: Tyranitar|88/100|[from] Spikes
|
|-weather|Sandstorm|[upkeep]
|-damage|p1a: Zapdos|42/100 brn|[from] Sandstorm
|-heal|p1a: Zapdos|48/100 brn|[from] item: Leftovers
|-damage|p1a: Zapdos|35/100 brn|[from] brn
|upkeep
|turn|23
|
|t:|1727906659
|switch|p1a: Tyranitar|Tyranitar, M|13/100
|-damage|p1a: Tyranitar|0 fnt|[from] Spikes
|faint|p1a: Tyranitar
|
|t:|1727906668
|switch|p1a: Swampert|Swampert, M|74/100
|-damage|p1a: Swampert|58/100|[from] Spikes
|
|-weather|Sandstorm|[upkeep]
|-heal|p1a: Swampert|64/100|[from] item: Leftovers
|upkeep
|turn|24
|
|t:|1727906691
|move|p2a: Tyranitar|Dragon Dance|p2a: Tyranitar
|-boost|p2a: Tyranitar|atk|1
|-boost|p2a: Tyranitar|spe|1
|move|p1a: Swampert|Surf|p2a: Tyranitar
|-supereffective|p2a: Tyranitar
|-crit|p2a: Tyranitar
|-damage|p2a: Tyranitar|0 fnt
|faint|p2a: Tyranitar
|
|win|GreenCity
|c|☆Emerald_Harrold|gg wp
|c|☆GreenCity|gg

</script>
<script type="application/json" class="data" id="replaydata-smogtours-gen3ou-794093">
{"id":"smogtours-gen3ou-794093","format":"[Gen 3] OU","players":["GreenCity","Emerald_Harrold"],"uploadtime":1727906691,"views":138,"formatid":"gen3ou","rating":null,"private":0,"password":null}
</script>

<script defer src="js/replays.js?9d40a366"></script>
