<!DOCTYPE html>
<meta charset="utf-8" />
<meta name="viewport" content="width=device-width" />

<title>[Gen 3] OU: a nu treid vs. MeatballSpaghetti - Replays - Pok&eacute;mon Showdown!</title>

<meta name="description" content="Watch a replay of a Pok&eacute;mon battle between a nu treid and MeatballSpaghetti! Format: [Gen 3] OU; Date: Oct 3, 2024" />
<!--

Hey, you! Looking in the source for the replay log?

You can find them in JSON format, just add `.json` at the end of a replay URL.

https://replay.pokemonshowdown.com/gen7randomdoublesbattle-865046831.json

Or, if you only need the log itself, add `.log` instead:

https://replay.pokemonshowdown.com/gen7randomdoublesbattle-865046831.log

-->

<link rel="stylesheet" href="//pokemonshowdown.com/style/global.css?0.023195364461161105" />
<link rel="stylesheet" href="//play.pokemonshowdown.com/style/font-awesome.css?0.13261647063804238" />
<link rel="stylesheet" href="//play.pokemonshowdown.com/style/battle.css?0.8753245789963631" />
<link rel="stylesheet" href="//play.pokemonshowdown.com/style/utilichart.css?0.8627959624976733" />

<!-- Global site tag (gtag.js) - Google Analytics -->
<script async src="https://www.googletagmanager.com/gtag/js?id=UA-26211653-1"></script>
<script>
  window.dataLayer = window.dataLayer || [];
  function gtag(){dataLayer.push(arguments);}
  gtag('js', new Date());

  gtag('config', 'UA-26211653-1');
</script>
<!-- End Google Analytics -->
<!-- Venatus Ad Manager - Install in <HEAD> of page -->
	<script src="https://hb.vntsm.com/v3/live/ad-manager.min.js" type="text/javascript" data-site-id="642aba63ec9a7b11c3c9c1be" data-mode="scan" async></script>
<!-- / Venatus Ad Manager -->

<style>
	@media (max-width:820px) {
		.battle {
			margin: 0 auto;
		}
		.battle-log {
			margin: 7px auto 0;
			max-width: 640px;
			height: 300px;
			position: static;
		}
	}
	.optgroup {
		display: inline-block;
		line-height: 22px;
		font-size: 10pt;
	}
	.optgroup .button {
		height: 25px;
		padding-top: 0;
		padding-bottom: 0;
	}
	.optgroup button.button {
		padding-left: 12px;
		padding-right: 12px;
	}
	.linklist {
		list-style: none;
		margin: 0.5em 0;
		padding: 0;
	}
	.linklist li {
		padding: 2px 0;
	}
	.sidebar {
		float: left;
		width: 320px;
	}
	.bar-wrapper {
		max-width: 1100px;
		margin: 0 auto;
	}
	.bar-wrapper.has-sidebar {
		max-width: 1430px;
	}
	.mainbar {
		margin: 0;
		padding-right: 1px;
	}
	.mainbar.has-sidebar {
		margin-left: 330px;
	}
	@media (min-width: 1511px) {
		.sidebar {
			width: 400px;
		}
		.bar-wrapper.has-sidebar {
			max-width: 1510px;
		}
		.mainbar.has-sidebar {
			margin-left: 410px;
		}
	}
	.section.first-section {
		margin-top: 9px;
	}
	.blocklink small {
		white-space: normal;
	}
	.button {
		vertical-align: middle;
	}
	.replay-controls {
		padding-top: 10px;
	}
	.replay-controls h1 {
		font-size: 16pt;
		font-weight: normal;
		color: #CCC;
	}
	.pagelink {
		text-align: center;
	}
	.pagelink a {
		width: 150px;
	}
	.textbox, .button {
		font-size: 11pt;
		vertical-align: middle;
	}
	@media (max-width: 450px) {
		.button {
			font-size: 9pt;
		}
	}
</style>

<div>

	<header>
		<div class="nav-wrapper"><ul class="nav">
			<li><a class="button nav-first" href="//pokemonshowdown.com/"><img src="//pokemonshowdown.com/images/pokemonshowdownbeta.png" srcset="//pokemonshowdown.com/images/pokemonshowdownbeta.png 1x, //pokemonshowdown.com/images/pokemonshowdownbeta@2x.png 2x" alt="Pok&eacute;mon Showdown" width="146" height="44" /> Home</a></li>
			<li><a class="button" href="//pokemonshowdown.com/dex/">Pok&eacute;dex</a></li>
			<li><a class="button cur" href="/">Replays</a></li>
			<li><a class="button" href="//pokemonshowdown.com/ladder/">Ladder</a></li>
			<li><a class="button nav-last" href="//pokemonshowdown.com/forums/">Forum</a></li>
			<li><a class="button greenbutton nav-first nav-last" href="//play.pokemonshowdown.com/">Play</a></li>
		</ul></div>
	</header>

	<div class="main" id="main">

		<noscript><section class="section">You need to enable JavaScript to use this page; sorry!</section></noscript>

	</div>

</div>

<script defer nomodule src="//play.pokemonshowdown.com/js/lib/ps-polyfill.js"></script>
<script defer src="//play.pokemonshowdown.com/js/lib/preact.min.js"></script>

<script defer src="//play.pokemonshowdown.com/config/config.js?2bddbc15"></script>
<script defer src="//play.pokemonshowdown.com/js/lib/jquery-1.11.0.min.js"></script>
<script defer src="//play.pokemonshowdown.com/js/lib/html-sanitizer-minified.js"></script>
<script defer src="//play.pokemonshowdown.com/js/battle-sound.js"></script>
<script defer src="//play.pokemonshowdown.com/js/battledata.js?0.7209276989879541"></script>
<script defer src="//play.pokemonshowdown.com/data/pokedex-mini.js?0.6111056340867951"></script>
<script defer src="//play.pokemonshowdown.com/data/pokedex-mini-bw.js?0.3532142036491459"></script>
<script defer src="//play.pokemonshowdown.com/data/graphics.js?0.24223875632456182"></script>
<script defer src="//play.pokemonshowdown.com/data/pokedex.js?0.38839984266356864"></script>
<script defer src="//play.pokemonshowdown.com/data/moves.js?0.21866028504024015"></script>
<script defer src="//play.pokemonshowdown.com/data/abilities.js?0.2005157953846628"></script>
<script defer src="//play.pokemonshowdown.com/data/items.js?0.9894211263848525"></script>
<script defer src="//play.pokemonshowdown.com/data/teambuilder-tables.js?0.6008791140282215"></script>
<script defer src="//play.pokemonshowdown.com/js/battle-tooltips.js?0.7580118955022959"></script>
<script defer src="//play.pokemonshowdown.com/js/battle.js?0.6057722274234274"></script>

<script defer src="js/utils.js?e31f9a17"></script>
<script defer src="js/replays-battle.js?7008c182"></script>

<!-- don't scrape this data! just add .json or .log after the URL!
Full API docs: https://github.com/smogon/pokemon-showdown-client/blob/master/WEB-API.md -->
<script type="text/plain" class="log" id="replaylog-smogtours-gen3ou-794184">
|inactive|Battle timer is ON: inactive players will automatically lose when time's up.
|t:|1727929336
|gametype|singles
|player|p1|a nu treid|1|
|player|p2|MeatballSpaghetti|170|
|teamsize|p1|6
|teamsize|p2|6
|gen|3
|tier|[Gen 3] OU
|rule|Sleep Clause Mod: Limit one foe put to sleep
|rule|Switch Priority Clause Mod: Faster Pokémon switch first
|rule|Species Clause: Limit one of each Pokémon
|rule|OHKO Clause: OHKO moves are banned
|rule|Evasion Items Clause: Evasion items are banned
|rule|Evasion Moves Clause: Evasion moves are banned
|rule|Endless Battle Clause: Forcing endless battles is banned
|rule|HP Percentage Mod: HP is shown in percentages
|rule|One Boost Passer Clause: Limit one Baton Passer that has a way to boost its stats
|rule|Freeze Clause Mod: Limit one foe frozen
|
|t:|1727929336
|start
|switch|p1a: Zapdos|Zapdos|100/100
|switch|p2a: Suicune|Suicune|100/100
|turn|1
|
|t:|1727929361
|switch|p1a: Starmie|Starmie|100/100
|switch|p2a: Snorlax|Snorlax, M|100/100
|
|upkeep
|turn|2
|
|t:|1727929369
|move|p1a: Starmie|Hydro Pump|p2a: Snorlax|[miss]
|-miss|p1a: Starmie|p2a: Snorlax
|move|p2a: Snorlax|Body Slam|p1a: Starmie
|-damage|p1a: Starmie|38/100
|
|upkeep
|turn|3
|
|t:|1727929377
|move|p1a: Starmie|Hydro Pump|p2a: Snorlax
|-damage|p2a: Snorlax|63/100
|move|p2a: Snorlax|Body Slam|p1a: Starmie
|-damage|p1a: Starmie|0 fnt
|faint|p1a: Starmie
|
|t:|1727929390
|switch|p1a: Zapdos|Zapdos|100/100
|
|-heal|p2a: Snorlax|70/100|[from] item: Leftovers
|upkeep
|turn|4
|
|t:|1727929396
|move|p1a: Zapdos|Thunder Wave|p2a: Snorlax
|-status|p2a: Snorlax|par
|move|p2a: Snorlax|Body Slam|p1a: Zapdos
|-damage|p1a: Zapdos|43/100
|
|-heal|p1a: Zapdos|49/100|[from] item: Leftovers
|-heal|p2a: Snorlax|76/100 par|[from] item: Leftovers
|upkeep
|turn|5
|
|t:|1727929412
|switch|p1a: Standard Rain Set|Gengar, F|100/100
|move|p2a: Snorlax|Body Slam|p1a: Standard Rain Set
|-immune|p1a: Standard Rain Set
|
|-heal|p2a: Snorlax|82/100 par|[from] item: Leftovers
|upkeep
|turn|6
|
|t:|1727929424
|move|p1a: Standard Rain Set|Explosion|p2a: Snorlax
|-damage|p2a: Snorlax|3/100 par
|faint|p1a: Standard Rain Set
|
|t:|1727929429
|switch|p1a: Standard Adamant|Dugtrio, M|100/100
|
|-heal|p2a: Snorlax|9/100 par|[from] item: Leftovers
|upkeep
|turn|7
|
|t:|1727929438
|move|p1a: Standard Adamant|Earthquake|p2a: Snorlax
|-damage|p2a: Snorlax|0 fnt
|faint|p2a: Snorlax
|
|t:|1727929446
|switch|p2a: Heracross|Heracross, F|100/100
|
|upkeep
|turn|8
|
|t:|1727929452
|switch|p1a: Zapdos|Zapdos|49/100
|move|p2a: Heracross|Substitute|p2a: Heracross
|-start|p2a: Heracross|Substitute
|-damage|p2a: Heracross|75/100
|
|-heal|p1a: Zapdos|56/100|[from] item: Leftovers
|upkeep
|turn|9
|
|t:|1727929462
|move|p1a: Zapdos|Thunderbolt|p2a: Heracross
|-end|p2a: Heracross|Substitute
|move|p2a: Heracross|Rock Slide|p1a: Zapdos
|-supereffective|p1a: Zapdos
|-damage|p1a: Zapdos|0 fnt
|faint|p1a: Zapdos
|
|t:|1727929470
|switch|p1a: Standard Adamant|Dugtrio, M|100/100
|
|upkeep
|turn|10
|
|t:|1727929474
|move|p1a: Standard Adamant|Aerial Ace|p2a: Heracross
|-supereffective|p2a: Heracross
|-damage|p2a: Heracross|0 fnt
|faint|p2a: Heracross
|
|t:|1727929482
|switch|p2a: Suicune|Suicune|100/100
|
|upkeep
|turn|11
|
|t:|1727929492
|switch|p1a: Ludicolo|Ludicolo, M|100/100
|move|p2a: Suicune|Calm Mind|p2a: Suicune
|-boost|p2a: Suicune|spa|1
|-boost|p2a: Suicune|spd|1
|
|upkeep
|turn|12
|
|t:|1727929498
|move|p1a: Ludicolo|Leech Seed|p2a: Suicune
|-start|p2a: Suicune|move: Leech Seed
|move|p2a: Suicune|Roar|p1a: Ludicolo
|drag|p1a: Kingdra|Kingdra, F|100/100
|
|-damage|p2a: Suicune|88/100|[from] Leech Seed|[of] p1a: Kingdra
|upkeep
|turn|13
|
|t:|1727929507
|move|p2a: Suicune|Ice Beam|p1a: Kingdra
|-damage|p1a: Kingdra|56/100
|move|p1a: Kingdra|Rain Dance|p1a: Kingdra
|-weather|RainDance
|
|-weather|RainDance|[upkeep]
|-heal|p2a: Suicune|94/100|[from] item: Leftovers
|-damage|p2a: Suicune|82/100|[from] Leech Seed|[of] p1a: Kingdra
|-heal|p1a: Kingdra|70/100|[silent]
|upkeep
|turn|14
|
|t:|1727929515
|move|p1a: Kingdra|Hidden Power|p2a: Suicune
|-supereffective|p2a: Suicune
|-damage|p2a: Suicune|57/100
|move|p2a: Suicune|Ice Beam|p1a: Kingdra
|-damage|p1a: Kingdra|21/100
|
|-weather|RainDance|[upkeep]
|-heal|p2a: Suicune|63/100|[from] item: Leftovers
|-damage|p2a: Suicune|51/100|[from] Leech Seed|[of] p1a: Kingdra
|-heal|p1a: Kingdra|35/100|[silent]
|upkeep
|turn|15
|
|t:|1727929524
|move|p1a: Kingdra|Hidden Power|p2a: Suicune
|-supereffective|p2a: Suicune
|-damage|p2a: Suicune|27/100
|move|p2a: Suicune|Ice Beam|p1a: Kingdra
|-damage|p1a: Kingdra|0 fnt
|faint|p1a: Kingdra
|
|t:|1727929533
|switch|p1a: Ludicolo|Ludicolo, M|100/100
|
|-weather|RainDance|[upkeep]
|-heal|p2a: Suicune|33/100|[from] item: Leftovers
|-damage|p2a: Suicune|21/100|[from] Leech Seed|[of] p1a: Ludicolo
|upkeep
|turn|16
|
|t:|1727929545
|move|p1a: Ludicolo|Surf|p2a: Suicune
|-resisted|p2a: Suicune
|-damage|p2a: Suicune|3/100
|move|p2a: Suicune|Ice Beam|p1a: Ludicolo
|-damage|p1a: Ludicolo|61/100
|
|-weather|RainDance|[upkeep]
|-heal|p1a: Ludicolo|67/100|[from] item: Leftovers
|-heal|p2a: Suicune|9/100|[from] item: Leftovers
|-damage|p2a: Suicune|0 fnt|[from] Leech Seed|[of] p1a: Ludicolo
|-heal|p1a: Ludicolo|76/100|[silent]
|faint|p2a: Suicune
|upkeep
|
|t:|1727929558
|switch|p2a: Magneton|Magneton|100/100
|turn|17
|
|t:|1727929563
|switch|p1a: Standard Adamant|Dugtrio, M|100/100
|move|p2a: Magneton|Thunder Wave|p1a: Standard Adamant
|-immune|p1a: Standard Adamant
|
|-weather|none
|upkeep
|turn|18
|
|t:|1727929575
|move|p1a: Standard Adamant|Rock Slide|p2a: Magneton
|-resisted|p2a: Magneton
|-damage|p2a: Magneton|80/100
|cant|p2a: Magneton|flinch
|
|upkeep
|turn|19
|
|t:|1727929585
|switch|p1a: Ludicolo|Ludicolo, M|76/100
|move|p2a: Magneton|Hidden Power|p1a: Ludicolo
|-crit|p1a: Ludicolo
|-damage|p1a: Ludicolo|33/100
|
|-heal|p1a: Ludicolo|39/100|[from] item: Leftovers
|upkeep
|turn|20
|
|t:|1727929594
|move|p2a: Magneton|Thunderbolt|p1a: Ludicolo
|-damage|p1a: Ludicolo|0 fnt
|faint|p1a: Ludicolo
|
|t:|1727929598
|switch|p1a: Standard Adamant|Dugtrio, M|100/100
|
|upkeep
|turn|21
|
|t:|1727929601
|move|p1a: Standard Adamant|Earthquake|p2a: Magneton
|-supereffective|p2a: Magneton
|-damage|p2a: Magneton|0 fnt
|faint|p2a: Magneton
|
|t:|1727929603
|switch|p2a: Salamence|Salamence, M|100/100
|-ability|p2a: Salamence|Intimidate|boost
|-unboost|p1a: Standard Adamant|atk|1
|
|upkeep
|turn|22
|c|☆a nu treid|ggs
|c|☆MeatballSpaghetti|gg
|-message|a nu treid forfeited.
|
|win|MeatballSpaghetti
|player|p2|
|player|p2|MeatballSpaghetti|170|

</script>
<script type="application/json" class="data" id="replaydata-smogtours-gen3ou-794184">
{"id":"smogtours-gen3ou-794184","format":"[Gen 3] OU","players":["a nu treid","MeatballSpaghetti"],"uploadtime":1727929610,"views":108,"formatid":"gen3ou","rating":null,"private":0,"password":null}
</script>

<script defer src="js/replays.js?9d40a366"></script>
