<!DOCTYPE html>
<meta charset="utf-8" />
<meta name="viewport" content="width=device-width" />

<title>[Gen 3] OU: peachyaladdin vs. verbatim - Replays - Pok&eacute;mon Showdown!</title>

<meta name="description" content="Watch a replay of a Pok&eacute;mon battle between peachyaladdin and verbatim! Format: [Gen 3] OU; Date: Oct 28, 2024" />
<!--

Hey, you! Looking in the source for the replay log?

You can find them in JSON format, just add `.json` at the end of a replay URL.

https://replay.pokemonshowdown.com/gen7randomdoublesbattle-865046831.json

Or, if you only need the log itself, add `.log` instead:

https://replay.pokemonshowdown.com/gen7randomdoublesbattle-865046831.log

-->

<link rel="stylesheet" href="//pokemonshowdown.com/style/global.css?0.767286132409787" />
<link rel="stylesheet" href="//play.pokemonshowdown.com/style/font-awesome.css?0.9266228007934947" />
<link rel="stylesheet" href="//play.pokemonshowdown.com/style/battle.css?0.7924700842790926" />
<link rel="stylesheet" href="//play.pokemonshowdown.com/style/utilichart.css?0.8777417872839479" />

<!-- Global site tag (gtag.js) - Google Analytics -->
<script async src="https://www.googletagmanager.com/gtag/js?id=UA-26211653-1"></script>
<script>
  window.dataLayer = window.dataLayer || [];
  function gtag(){dataLayer.push(arguments);}
  gtag('js', new Date());

  gtag('config', 'UA-26211653-1');
</script>
<!-- End Google Analytics -->
<!-- Venatus Ad Manager - Install in <HEAD> of page -->
	<script src="https://hb.vntsm.com/v3/live/ad-manager.min.js" type="text/javascript" data-site-id="642aba63ec9a7b11c3c9c1be" data-mode="scan" async></script>
<!-- / Venatus Ad Manager -->

<style>
	@media (max-width:820px) {
		.battle {
			margin: 0 auto;
		}
		.battle-log {
			margin: 7px auto 0;
			max-width: 640px;
			height: 300px;
			position: static;
		}
	}
	.optgroup {
		display: inline-block;
		line-height: 22px;
		font-size: 10pt;
	}
	.optgroup .button {
		height: 25px;
		padding-top: 0;
		padding-bottom: 0;
	}
	.optgroup button.button {
		padding-left: 12px;
		padding-right: 12px;
	}
	.linklist {
		list-style: none;
		margin: 0.5em 0;
		padding: 0;
	}
	.linklist li {
		padding: 2px 0;
	}
	.sidebar {
		float: left;
		width: 320px;
	}
	.bar-wrapper {
		max-width: 1100px;
		margin: 0 auto;
	}
	.bar-wrapper.has-sidebar {
		max-width: 1430px;
	}
	.mainbar {
		margin: 0;
		padding-right: 1px;
	}
	.mainbar.has-sidebar {
		margin-left: 330px;
	}
	@media (min-width: 1511px) {
		.sidebar {
			width: 400px;
		}
		.bar-wrapper.has-sidebar {
			max-width: 1510px;
		}
		.mainbar.has-sidebar {
			margin-left: 410px;
		}
	}
	.section.first-section {
		margin-top: 9px;
	}
	.blocklink small {
		white-space: normal;
	}
	.button {
		vertical-align: middle;
	}
	.replay-controls {
		padding-top: 10px;
	}
	.replay-controls h1 {
		font-size: 16pt;
		font-weight: normal;
		color: #CCC;
	}
	.pagelink {
		text-align: center;
	}
	.pagelink a {
		width: 150px;
	}
	.textbox, .button {
		font-size: 11pt;
		vertical-align: middle;
	}
	@media (max-width: 450px) {
		.button {
			font-size: 9pt;
		}
	}
</style>

<div>

	<header>
		<div class="nav-wrapper"><ul class="nav">
			<li><a class="button nav-first" href="//pokemonshowdown.com/"><img src="//pokemonshowdown.com/images/pokemonshowdownbeta.png" srcset="//pokemonshowdown.com/images/pokemonshowdownbeta.png 1x, //pokemonshowdown.com/images/pokemonshowdownbeta@2x.png 2x" alt="Pok&eacute;mon Showdown" width="146" height="44" /> Home</a></li>
			<li><a class="button" href="//pokemonshowdown.com/dex/">Pok&eacute;dex</a></li>
			<li><a class="button cur" href="/">Replays</a></li>
			<li><a class="button" href="//pokemonshowdown.com/ladder/">Ladder</a></li>
			<li><a class="button nav-last" href="//pokemonshowdown.com/forums/">Forum</a></li>
			<li><a class="button greenbutton nav-first nav-last" href="//play.pokemonshowdown.com/">Play</a></li>
		</ul></div>
	</header>

	<div class="main" id="main">

		<noscript><section class="section">You need to enable JavaScript to use this page; sorry!</section></noscript>

	</div>

</div>

<script defer nomodule src="//play.pokemonshowdown.com/js/lib/ps-polyfill.js"></script>
<script defer src="//play.pokemonshowdown.com/js/lib/preact.min.js"></script>

<script defer src="//play.pokemonshowdown.com/config/config.js?6dec07f6"></script>
<script defer src="//play.pokemonshowdown.com/js/lib/jquery-1.11.0.min.js"></script>
<script defer src="//play.pokemonshowdown.com/js/lib/html-sanitizer-minified.js"></script>
<script defer src="//play.pokemonshowdown.com/js/battle-sound.js"></script>
<script defer src="//play.pokemonshowdown.com/js/battledata.js?0.6315294753075389"></script>
<script defer src="//play.pokemonshowdown.com/data/pokedex-mini.js?0.7603743185311358"></script>
<script defer src="//play.pokemonshowdown.com/data/pokedex-mini-bw.js?0.030888842834281283"></script>
<script defer src="//play.pokemonshowdown.com/data/graphics.js?0.05593094747507488"></script>
<script defer src="//play.pokemonshowdown.com/data/pokedex.js?0.47064822249611904"></script>
<script defer src="//play.pokemonshowdown.com/data/moves.js?0.8583693120512459"></script>
<script defer src="//play.pokemonshowdown.com/data/abilities.js?0.16017181182386842"></script>
<script defer src="//play.pokemonshowdown.com/data/items.js?0.4163379185673943"></script>
<script defer src="//play.pokemonshowdown.com/data/teambuilder-tables.js?0.31075597372830477"></script>
<script defer src="//play.pokemonshowdown.com/js/battle-tooltips.js?0.6536193500708172"></script>
<script defer src="//play.pokemonshowdown.com/js/battle.js?0.1916591943277901"></script>

<script defer src="js/utils.js?e31f9a17"></script>
<script defer src="js/replays-battle.js?7008c182"></script>

<!-- don't scrape this data! just add .json or .log after the URL!
Full API docs: https://github.com/smogon/pokemon-showdown-client/blob/master/WEB-API.md -->
<script type="text/plain" class="log" id="replaylog-smogtours-gen3ou-803171">
|inactive|Battle timer is ON: inactive players will automatically lose when time's up.
|t:|1730153681
|gametype|singles
|player|p1|peachyaladdin|alder|
|player|p2|verbatim|#psstaffm|
|teamsize|p1|6
|teamsize|p2|6
|gen|3
|tier|[Gen 3] OU
|rule|Sleep Clause Mod: Limit one foe put to sleep
|rule|Switch Priority Clause Mod: Faster Pokémon switch first
|rule|Species Clause: Limit one of each Pokémon
|rule|OHKO Clause: OHKO moves are banned
|rule|Evasion Items Clause: Evasion items are banned
|rule|Evasion Moves Clause: Evasion moves are banned
|rule|Endless Battle Clause: Forcing endless battles is banned
|rule|HP Percentage Mod: HP is shown in percentages
|rule|One Boost Passer Clause: Limit one Baton Passer that has a way to boost its stats
|rule|Freeze Clause Mod: Limit one foe frozen
|
|t:|1730153681
|start
|switch|p1a: Snorlax|Snorlax, F|100/100
|switch|p2a: TheTreesHaveEyes👀|Celebi|100/100
|turn|1
|c|☆peachyaladdin|glhf
|
|t:|1730153706
|move|p2a: TheTreesHaveEyes👀|Leech Seed|p1a: Snorlax
|-start|p1a: Snorlax|move: Leech Seed
|move|p1a: Snorlax|Shadow Ball|p2a: TheTreesHaveEyes👀
|-supereffective|p2a: TheTreesHaveEyes👀
|-damage|p2a: TheTreesHaveEyes👀|68/100
|
|-heal|p2a: TheTreesHaveEyes👀|74/100|[from] item: Leftovers
|-damage|p1a: Snorlax|88/100|[from] Leech Seed|[of] p2a: TheTreesHaveEyes👀
|-heal|p2a: TheTreesHaveEyes👀|90/100|[silent]
|upkeep
|turn|2
|inactive|peachyaladdin has 270 seconds left.
|
|t:|1730153743
|switch|p1a: Heracross|Heracross, M|100/100
|move|p2a: TheTreesHaveEyes👀|Baton Pass|p2a: TheTreesHaveEyes👀
|
|t:|1730153754
|switch|p2a: Annual Orangutan|Slaking, F|100/100|[from] Baton Pass
|
|upkeep
|turn|3
|inactive|peachyaladdin has 270 seconds left.
|inactive|peachyaladdin has 240 seconds left.
|
|t:|1730153800
|switch|p1a: Metagross|Metagross, shiny|100/100
|move|p2a: Annual Orangutan|Double-Edge|p1a: Metagross
|-resisted|p1a: Metagross
|-damage|p1a: Metagross|53/100
|-damage|p2a: Annual Orangutan|88/100|[from] Recoil|[of] p1a: Metagross
|
|upkeep
|turn|4
|inactive|peachyaladdin has 240 seconds left.
|
|t:|1730153812
|switch|p2a: 2 Minute Notice|Magneton|100/100
|move|p1a: Metagross|Meteor Mash|p2a: 2 Minute Notice
|-resisted|p2a: 2 Minute Notice
|-damage|p2a: 2 Minute Notice|82/100
|-boost|p1a: Metagross|atk|1
|
|upkeep
|turn|5
|inactive|peachyaladdin has 240 seconds left.
|
|t:|1730153822
|move|p2a: 2 Minute Notice|Protect|p2a: 2 Minute Notice
|-singleturn|p2a: 2 Minute Notice|Protect
|move|p1a: Metagross|Earthquake|p2a: 2 Minute Notice
|-activate|p2a: 2 Minute Notice|Protect
|
|upkeep
|turn|6
|
|t:|1730153827
|move|p1a: Metagross|Earthquake|p2a: 2 Minute Notice
|-supereffective|p2a: 2 Minute Notice
|-damage|p2a: 2 Minute Notice|0 fnt
|faint|p2a: 2 Minute Notice
|
|t:|1730153831
|switch|p2a: Annual Orangutan|Slaking, F|88/100
|
|upkeep
|turn|7
|inactive|peachyaladdin has 240 seconds left.
|
|t:|1730153854
|switch|p1a: Heracross|Heracross, M|100/100
|move|p2a: Annual Orangutan|Double-Edge|p1a: Heracross
|-damage|p1a: Heracross|0 fnt
|-damage|p2a: Annual Orangutan|65/100|[from] Recoil|[of] p1a: Heracross
|faint|p1a: Heracross
|inactive|peachyaladdin has 240 seconds left.
|
|t:|1730153872
|switch|p1a: Metagross|Metagross, shiny|53/100
|
|upkeep
|turn|8
|inactive|peachyaladdin has 210 seconds left.
|inactive|verbatim has 270 seconds left.
|
|t:|1730153928
|switch|p2a: Consternation|Metagross|100/100
|move|p1a: Metagross|Meteor Mash|p2a: Consternation
|-resisted|p2a: Consternation
|-damage|p2a: Consternation|82/100
|
|upkeep
|turn|9
|inactive|peachyaladdin has 210 seconds left.
|
|t:|1730153954
|move|p1a: Metagross|Earthquake|p2a: Consternation
|-supereffective|p2a: Consternation
|-damage|p2a: Consternation|30/100
|move|p2a: Consternation|Earthquake|p1a: Metagross
|-supereffective|p1a: Metagross
|-damage|p1a: Metagross|0 fnt
|faint|p1a: Metagross
|inactive|peachyaladdin has 180 seconds left.
|
|t:|1730153973
|switch|p1a: Magneton|Magneton, shiny|100/100
|
|upkeep
|turn|10
|
|t:|1730153976
|move|p1a: Magneton|Thunderbolt|p2a: Consternation
|-damage|p2a: Consternation|0 fnt
|faint|p2a: Consternation
|
|t:|1730153984
|switch|p2a: TheTreesHaveEyes👀|Celebi|90/100
|
|-heal|p2a: TheTreesHaveEyes👀|97/100|[from] item: Leftovers
|upkeep
|turn|11
|
|t:|1730154002
|move|p2a: TheTreesHaveEyes👀|Swords Dance|p2a: TheTreesHaveEyes👀
|-boost|p2a: TheTreesHaveEyes👀|atk|2
|move|p1a: Magneton|Reflect|p1a: Magneton
|-sidestart|p1: peachyaladdin|Reflect
|
|-heal|p2a: TheTreesHaveEyes👀|100/100|[from] item: Leftovers
|upkeep
|turn|12
|
|t:|1730154014
|switch|p1a: Snorlax|Snorlax, F|88/100
|move|p2a: TheTreesHaveEyes👀|Swords Dance|p2a: TheTreesHaveEyes👀
|-boost|p2a: TheTreesHaveEyes👀|atk|2
|
|-heal|p1a: Snorlax|94/100|[from] item: Leftovers
|upkeep
|turn|13
|inactive|verbatim has 270 seconds left.
|
|t:|1730154029
|move|p2a: TheTreesHaveEyes👀|Baton Pass|p2a: TheTreesHaveEyes👀
|
|t:|1730154031
|switch|p2a: kill 2birds|Regirock|100/100|[from] Baton Pass
|move|p1a: Snorlax|Self-Destruct|p2a: kill 2birds
|-resisted|p2a: kill 2birds
|-crit|p2a: kill 2birds
|-damage|p2a: kill 2birds|1/100
|faint|p1a: Snorlax
|c|☆verbatim|oof
|
|t:|1730154045
|switch|p1a: Magneton|Magneton, shiny|100/100
|
|-heal|p2a: kill 2birds|7/100|[from] item: Leftovers
|upkeep
|turn|14
|c|☆peachyaladdin|aw
|c|☆peachyaladdin|mb
|
|t:|1730154053
|move|p1a: Magneton|Thunderbolt|p2a: kill 2birds
|-damage|p2a: kill 2birds|0 fnt
|faint|p2a: kill 2birds
|
|t:|1730154056
|switch|p2a: Annual Orangutan|Slaking, F|65/100
|
|upkeep
|turn|15
|inactive|peachyaladdin has 210 seconds left.
|c|☆verbatim|we move
|
|t:|1730154098
|move|p2a: Annual Orangutan|Earthquake|p1a: Magneton
|-supereffective|p1a: Magneton
|-damage|p1a: Magneton|0 fnt
|faint|p1a: Magneton
|inactive|peachyaladdin has 180 seconds left.
|
|t:|1730154125
|switch|p1a: Ligoon|Linoone, F|100/100
|
|-sideend|p1: peachyaladdin|Reflect
|upkeep
|turn|16
|
|t:|1730154132
|switch|p2a: Planet Popstar|Snorlax, M|100/100
|move|p1a: Ligoon|Belly Drum|p1a: Ligoon
|-damage|p1a: Ligoon|51/100
|-setboost|p1a: Ligoon|atk|6|[from] move: Belly Drum
|
|-heal|p1a: Ligoon|57/100|[from] item: Leftovers
|upkeep
|turn|17
|inactive|peachyaladdin has 180 seconds left.
|
|t:|1730154138
|move|p1a: Ligoon|Extreme Speed|p2a: Planet Popstar
|-damage|p2a: Planet Popstar|3/100
|move|p2a: Planet Popstar|Self-Destruct|p1a: Ligoon
|-damage|p1a: Ligoon|0 fnt
|faint|p2a: Planet Popstar
|faint|p1a: Ligoon
|c|☆peachyaladdin|awww
|c|☆peachyaladdin|haha
|c|☆peachyaladdin|gg
|
|t:|1730154147
|switch|p1a: Gardevoir|Gardevoir, F, shiny|100/100
|switch|p2a: Annual Orangutan|Slaking, F|65/100
|-ability|p1a: Gardevoir|Truant|[from] ability: Trace|[of] p2a: Annual Orangutan
|
|upkeep
|turn|18
|
|t:|1730154153
|move|p2a: Annual Orangutan|Double-Edge|p1a: Gardevoir
|-damage|p1a: Gardevoir|0 fnt
|-damage|p2a: Annual Orangutan|40/100|[from] Recoil|[of] p1a: Gardevoir
|faint|p1a: Gardevoir
|
|win|verbatim
|c|☆verbatim|gg lol

</script>
<script type="application/json" class="data" id="replaydata-smogtours-gen3ou-803171">
{"id":"smogtours-gen3ou-803171","format":"[Gen 3] OU","players":["peachyaladdin","verbatim"],"uploadtime":1730154153,"views":107,"formatid":"gen3ou","rating":null,"private":0,"password":null}
</script>

<script defer src="js/replays.js?9d40a366"></script>
