<!DOCTYPE html>
<meta charset="utf-8" />
<meta name="viewport" content="width=device-width" />

<title>[Gen 3] OU: almarkowbender vs. Albatross115 - Replays - Pok&eacute;mon Showdown!</title>

<meta name="description" content="Watch a replay of a Pok&eacute;mon battle between almarkowbender and Albatross115! Format: [Gen 3] OU; Date: Oct 4, 2024" />
<!--

Hey, you! Looking in the source for the replay log?

You can find them in JSON format, just add `.json` at the end of a replay URL.

https://replay.pokemonshowdown.com/gen7randomdoublesbattle-865046831.json

Or, if you only need the log itself, add `.log` instead:

https://replay.pokemonshowdown.com/gen7randomdoublesbattle-865046831.log

-->

<link rel="stylesheet" href="//pokemonshowdown.com/style/global.css?0.023195364461161105" />
<link rel="stylesheet" href="//play.pokemonshowdown.com/style/font-awesome.css?0.13261647063804238" />
<link rel="stylesheet" href="//play.pokemonshowdown.com/style/battle.css?0.8753245789963631" />
<link rel="stylesheet" href="//play.pokemonshowdown.com/style/utilichart.css?0.8627959624976733" />

<!-- Global site tag (gtag.js) - Google Analytics -->
<script async src="https://www.googletagmanager.com/gtag/js?id=UA-26211653-1"></script>
<script>
  window.dataLayer = window.dataLayer || [];
  function gtag(){dataLayer.push(arguments);}
  gtag('js', new Date());

  gtag('config', 'UA-26211653-1');
</script>
<!-- End Google Analytics -->
<!-- Venatus Ad Manager - Install in <HEAD> of page -->
	<script src="https://hb.vntsm.com/v3/live/ad-manager.min.js" type="text/javascript" data-site-id="642aba63ec9a7b11c3c9c1be" data-mode="scan" async></script>
<!-- / Venatus Ad Manager -->

<style>
	@media (max-width:820px) {
		.battle {
			margin: 0 auto;
		}
		.battle-log {
			margin: 7px auto 0;
			max-width: 640px;
			height: 300px;
			position: static;
		}
	}
	.optgroup {
		display: inline-block;
		line-height: 22px;
		font-size: 10pt;
	}
	.optgroup .button {
		height: 25px;
		padding-top: 0;
		padding-bottom: 0;
	}
	.optgroup button.button {
		padding-left: 12px;
		padding-right: 12px;
	}
	.linklist {
		list-style: none;
		margin: 0.5em 0;
		padding: 0;
	}
	.linklist li {
		padding: 2px 0;
	}
	.sidebar {
		float: left;
		width: 320px;
	}
	.bar-wrapper {
		max-width: 1100px;
		margin: 0 auto;
	}
	.bar-wrapper.has-sidebar {
		max-width: 1430px;
	}
	.mainbar {
		margin: 0;
		padding-right: 1px;
	}
	.mainbar.has-sidebar {
		margin-left: 330px;
	}
	@media (min-width: 1511px) {
		.sidebar {
			width: 400px;
		}
		.bar-wrapper.has-sidebar {
			max-width: 1510px;
		}
		.mainbar.has-sidebar {
			margin-left: 410px;
		}
	}
	.section.first-section {
		margin-top: 9px;
	}
	.blocklink small {
		white-space: normal;
	}
	.button {
		vertical-align: middle;
	}
	.replay-controls {
		padding-top: 10px;
	}
	.replay-controls h1 {
		font-size: 16pt;
		font-weight: normal;
		color: #CCC;
	}
	.pagelink {
		text-align: center;
	}
	.pagelink a {
		width: 150px;
	}
	.textbox, .button {
		font-size: 11pt;
		vertical-align: middle;
	}
	@media (max-width: 450px) {
		.button {
			font-size: 9pt;
		}
	}
</style>

<div>

	<header>
		<div class="nav-wrapper"><ul class="nav">
			<li><a class="button nav-first" href="//pokemonshowdown.com/"><img src="//pokemonshowdown.com/images/pokemonshowdownbeta.png" srcset="//pokemonshowdown.com/images/pokemonshowdownbeta.png 1x, //pokemonshowdown.com/images/pokemonshowdownbeta@2x.png 2x" alt="Pok&eacute;mon Showdown" width="146" height="44" /> Home</a></li>
			<li><a class="button" href="//pokemonshowdown.com/dex/">Pok&eacute;dex</a></li>
			<li><a class="button cur" href="/">Replays</a></li>
			<li><a class="button" href="//pokemonshowdown.com/ladder/">Ladder</a></li>
			<li><a class="button nav-last" href="//pokemonshowdown.com/forums/">Forum</a></li>
			<li><a class="button greenbutton nav-first nav-last" href="//play.pokemonshowdown.com/">Play</a></li>
		</ul></div>
	</header>

	<div class="main" id="main">

		<noscript><section class="section">You need to enable JavaScript to use this page; sorry!</section></noscript>

	</div>

</div>

<script defer nomodule src="//play.pokemonshowdown.com/js/lib/ps-polyfill.js"></script>
<script defer src="//play.pokemonshowdown.com/js/lib/preact.min.js"></script>

<script defer src="//play.pokemonshowdown.com/config/config.js?2bddbc15"></script>
<script defer src="//play.pokemonshowdown.com/js/lib/jquery-1.11.0.min.js"></script>
<script defer src="//play.pokemonshowdown.com/js/lib/html-sanitizer-minified.js"></script>
<script defer src="//play.pokemonshowdown.com/js/battle-sound.js"></script>
<script defer src="//play.pokemonshowdown.com/js/battledata.js?0.7209276989879541"></script>
<script defer src="//play.pokemonshowdown.com/data/pokedex-mini.js?0.6111056340867951"></script>
<script defer src="//play.pokemonshowdown.com/data/pokedex-mini-bw.js?0.3532142036491459"></script>
<script defer src="//play.pokemonshowdown.com/data/graphics.js?0.24223875632456182"></script>
<script defer src="//play.pokemonshowdown.com/data/pokedex.js?0.38839984266356864"></script>
<script defer src="//play.pokemonshowdown.com/data/moves.js?0.21866028504024015"></script>
<script defer src="//play.pokemonshowdown.com/data/abilities.js?0.2005157953846628"></script>
<script defer src="//play.pokemonshowdown.com/data/items.js?0.9894211263848525"></script>
<script defer src="//play.pokemonshowdown.com/data/teambuilder-tables.js?0.6008791140282215"></script>
<script defer src="//play.pokemonshowdown.com/js/battle-tooltips.js?0.7580118955022959"></script>
<script defer src="//play.pokemonshowdown.com/js/battle.js?0.6057722274234274"></script>

<script defer src="js/utils.js?e31f9a17"></script>
<script defer src="js/replays-battle.js?7008c182"></script>

<!-- don't scrape this data! just add .json or .log after the URL!
Full API docs: https://github.com/smogon/pokemon-showdown-client/blob/master/WEB-API.md -->
<script type="text/plain" class="log" id="replaylog-smogtours-gen3ou-794714">
|inactive|Battle timer is ON: inactive players will automatically lose when time's up.
|t:|1728074951
|gametype|singles
|player|p1|almarkowbender|101|
|player|p2|Albatross115|102|
|teamsize|p1|6
|teamsize|p2|6
|gen|3
|tier|[Gen 3] OU
|rule|Sleep Clause Mod: Limit one foe put to sleep
|rule|Switch Priority Clause Mod: Faster Pokémon switch first
|rule|Species Clause: Limit one of each Pokémon
|rule|OHKO Clause: OHKO moves are banned
|rule|Evasion Items Clause: Evasion items are banned
|rule|Evasion Moves Clause: Evasion moves are banned
|rule|Endless Battle Clause: Forcing endless battles is banned
|rule|HP Percentage Mod: HP is shown in percentages
|rule|One Boost Passer Clause: Limit one Baton Passer that has a way to boost its stats
|rule|Freeze Clause Mod: Limit one foe frozen
|
|t:|1728074951
|start
|switch|p1a: Computer|Metagross|100/100
|switch|p2a: Zapdos|Zapdos|100/100
|turn|1
|c|☆Albatross115|maybe game 5 even
|
|t:|1728074968
|switch|p1a: Celebi|Celebi|100/100
|move|p2a: Zapdos|Thunder Wave|p1a: Celebi
|-status|p1a: Celebi|par
|
|upkeep
|turn|2
|c|☆almarkowbender|hopefully not :)
|
|t:|1728074977
|switch|p2a: Charizard|Charizard, M|100/100
|move|p1a: Celebi|Baton Pass|p1a: Celebi
|
|t:|1728074982
|-curestatus|p1a: Celebi|par|[from] ability: Natural Cure
|switch|p1a: Terror|Tyranitar, M|100/100|[from] Baton Pass
|-weather|Sandstorm|[from] ability: Sand Stream|[of] p1a: Terror
|
|-weather|Sandstorm|[upkeep]
|-damage|p2a: Charizard|94/100|[from] Sandstorm
|-heal|p2a: Charizard|100/100|[from] item: Leftovers
|upkeep
|turn|3
|
|t:|1728074985
|switch|p2a: Hariyama|Hariyama, F|100/100
|move|p1a: Terror|Rock Slide|p2a: Hariyama
|-resisted|p2a: Hariyama
|-damage|p2a: Hariyama|82/100
|
|-weather|Sandstorm|[upkeep]
|-damage|p2a: Hariyama|76/100|[from] Sandstorm
|-heal|p2a: Hariyama|82/100|[from] item: Leftovers
|upkeep
|turn|4
|
|t:|1728074993
|switch|p1a: Computer|Metagross|100/100
|move|p2a: Hariyama|Knock Off|p1a: Computer
|-damage|p1a: Computer|98/100
|-enditem|p1a: Computer|Choice Band|[from] move: Knock Off|[of] p2a: Hariyama
|-hint|In Gens 3-4, Knock Off only makes the target's item unusable; it cannot obtain a new item.
|
|-weather|Sandstorm|[upkeep]
|-damage|p2a: Hariyama|76/100|[from] Sandstorm
|-heal|p2a: Hariyama|82/100|[from] item: Leftovers
|upkeep
|turn|5
|
|t:|1728075010
|switch|p2a: Zapdos|Zapdos|100/100
|move|p1a: Computer|Meteor Mash|p2a: Zapdos
|-resisted|p2a: Zapdos
|-damage|p2a: Zapdos|70/100
|
|-weather|Sandstorm|[upkeep]
|-damage|p2a: Zapdos|64/100|[from] Sandstorm
|-heal|p2a: Zapdos|70/100|[from] item: Leftovers
|upkeep
|turn|6
|
|t:|1728075015
|switch|p1a: Celebi|Celebi|100/100
|move|p2a: Zapdos|Thunderbolt|p1a: Celebi
|-resisted|p1a: Celebi
|-damage|p1a: Celebi|81/100
|
|-weather|Sandstorm|[upkeep]
|-damage|p1a: Celebi|75/100|[from] Sandstorm
|-damage|p2a: Zapdos|64/100|[from] Sandstorm
|-heal|p1a: Celebi|81/100|[from] item: Leftovers
|-heal|p2a: Zapdos|70/100|[from] item: Leftovers
|upkeep
|turn|7
|
|t:|1728075020
|move|p1a: Celebi|Leech Seed|p2a: Zapdos
|-start|p2a: Zapdos|move: Leech Seed
|move|p2a: Zapdos|Thunder Wave|p1a: Celebi
|-status|p1a: Celebi|par
|
|-weather|Sandstorm|[upkeep]
|-damage|p2a: Zapdos|64/100|[from] Sandstorm
|-damage|p1a: Celebi|75/100 par|[from] Sandstorm
|-heal|p2a: Zapdos|70/100|[from] item: Leftovers
|-damage|p2a: Zapdos|57/100|[from] Leech Seed|[of] p1a: Celebi
|-heal|p1a: Celebi|84/100 par|[silent]
|-heal|p1a: Celebi|91/100 par|[from] item: Leftovers
|upkeep
|turn|8
|
|t:|1728075028
|switch|p2a: Charizard|Charizard, M|100/100
|-curestatus|p1a: Celebi|par|[from] ability: Natural Cure
|switch|p1a: Terror|Tyranitar, M|100/100
|
|-weather|Sandstorm|[upkeep]
|-damage|p2a: Charizard|94/100|[from] Sandstorm
|-heal|p2a: Charizard|100/100|[from] item: Leftovers
|upkeep
|turn|9
|
|t:|1728075036
|switch|p2a: Claydol|Claydol|100/100
|move|p1a: Terror|Rock Slide|p2a: Claydol
|-resisted|p2a: Claydol
|-damage|p2a: Claydol|82/100
|
|-weather|Sandstorm|[upkeep]
|-heal|p2a: Claydol|88/100|[from] item: Leftovers
|upkeep
|turn|10
|
|t:|1728075042
|switch|p1a: Celebi|Celebi|91/100
|move|p2a: Claydol|Earthquake|p1a: Celebi
|-resisted|p1a: Celebi
|-crit|p1a: Celebi
|-damage|p1a: Celebi|56/100
|
|-weather|Sandstorm|[upkeep]
|-damage|p1a: Celebi|50/100|[from] Sandstorm
|-heal|p1a: Celebi|56/100|[from] item: Leftovers
|-heal|p2a: Claydol|94/100|[from] item: Leftovers
|upkeep
|turn|11
|
|t:|1728075050
|switch|p2a: Charizard|Charizard, M|100/100
|move|p1a: Celebi|Substitute|p1a: Celebi
|-start|p1a: Celebi|Substitute
|-damage|p1a: Celebi|31/100
|
|-weather|Sandstorm|[upkeep]
|-damage|p1a: Celebi|25/100|[from] Sandstorm
|-damage|p2a: Charizard|94/100|[from] Sandstorm
|-heal|p1a: Celebi|31/100|[from] item: Leftovers
|-heal|p2a: Charizard|100/100|[from] item: Leftovers
|upkeep
|turn|12
|
|t:|1728075058
|move|p1a: Celebi|Baton Pass|p1a: Celebi
|
|t:|1728075070
|switch|p1a: Salamence|Salamence, M|100/100|[from] Baton Pass
|-ability|p1a: Salamence|Intimidate|boost
|-unboost|p2a: Charizard|atk|1
|move|p2a: Charizard|Fire Blast|p1a: Salamence|[miss]
|-miss|p2a: Charizard|p1a: Salamence
|
|-weather|Sandstorm|[upkeep]
|-damage|p2a: Charizard|94/100|[from] Sandstorm
|-damage|p1a: Salamence|94/100|[from] Sandstorm
|-heal|p2a: Charizard|100/100|[from] item: Leftovers
|-heal|p1a: Salamence|100/100|[from] item: Leftovers
|upkeep
|turn|13
|
|t:|1728075081
|switch|p2a: Zapdos|Zapdos|57/100
|move|p1a: Salamence|Dragon Dance|p1a: Salamence
|-boost|p1a: Salamence|atk|1
|-boost|p1a: Salamence|spe|1
|
|-weather|Sandstorm|[upkeep]
|-damage|p1a: Salamence|94/100|[from] Sandstorm
|-damage|p2a: Zapdos|51/100|[from] Sandstorm
|-heal|p1a: Salamence|100/100|[from] item: Leftovers
|-heal|p2a: Zapdos|57/100|[from] item: Leftovers
|upkeep
|turn|14
|
|t:|1728075086
|move|p1a: Salamence|Rock Slide|p2a: Zapdos
|-supereffective|p2a: Zapdos
|-damage|p2a: Zapdos|0 fnt
|faint|p2a: Zapdos
|
|t:|1728075111
|switch|p2a: Blissey|Blissey, F|100/100
|
|-weather|Sandstorm|[upkeep]
|-damage|p1a: Salamence|94/100|[from] Sandstorm
|-damage|p2a: Blissey|94/100|[from] Sandstorm
|-heal|p1a: Salamence|100/100|[from] item: Leftovers
|-heal|p2a: Blissey|100/100|[from] item: Leftovers
|upkeep
|turn|15
|inactive|almarkowbender has 270 seconds left.
|
|t:|1728075162
|move|p1a: Salamence|Hidden Power|p2a: Blissey
|-damage|p2a: Blissey|44/100
|move|p2a: Blissey|Seismic Toss|p1a: Salamence
|-activate|p1a: Salamence|Substitute|[damage]
|
|-weather|Sandstorm|[upkeep]
|-damage|p1a: Salamence|94/100|[from] Sandstorm
|-damage|p2a: Blissey|37/100|[from] Sandstorm
|-heal|p1a: Salamence|100/100|[from] item: Leftovers
|-heal|p2a: Blissey|44/100|[from] item: Leftovers
|upkeep
|turn|16
|c|☆almarkowbender|oof
|c|☆almarkowbender|no beam is tough
|c|☆Albatross115|god bless
|
|t:|1728075182
|move|p1a: Salamence|Hidden Power|p2a: Blissey
|-damage|p2a: Blissey|0 fnt
|faint|p2a: Blissey
|
|t:|1728075184
|switch|p2a: Claydol|Claydol|94/100
|
|-weather|Sandstorm|[upkeep]
|-damage|p1a: Salamence|94/100|[from] Sandstorm
|-heal|p1a: Salamence|100/100|[from] item: Leftovers
|-heal|p2a: Claydol|99/100|[from] item: Leftovers
|upkeep
|turn|17
|
|t:|1728075198
|move|p1a: Salamence|Hidden Power|p2a: Claydol
|-crit|p2a: Claydol
|-damage|p2a: Claydol|0 fnt
|faint|p2a: Claydol
|
|t:|1728075212
|switch|p2a: Tyranitar|Tyranitar, M|100/100
|
|-weather|Sandstorm|[upkeep]
|-damage|p1a: Salamence|94/100|[from] Sandstorm
|-heal|p1a: Salamence|100/100|[from] item: Leftovers
|upkeep
|turn|18
|
|t:|1728075214
|move|p1a: Salamence|Earthquake|p2a: Tyranitar
|-supereffective|p2a: Tyranitar
|-damage|p2a: Tyranitar|2/100
|move|p2a: Tyranitar|Rock Slide|p1a: Salamence
|-supereffective|p1a: Salamence
|-end|p1a: Salamence|Substitute
|
|-weather|Sandstorm|[upkeep]
|-damage|p1a: Salamence|94/100|[from] Sandstorm
|-heal|p1a: Salamence|100/100|[from] item: Leftovers
|upkeep
|turn|19
|
|t:|1728075221
|move|p1a: Salamence|Earthquake|p2a: Tyranitar
|-supereffective|p2a: Tyranitar
|-damage|p2a: Tyranitar|0 fnt
|faint|p2a: Tyranitar
|
|t:|1728075224
|switch|p2a: Charizard|Charizard, M|100/100
|
|-weather|Sandstorm|[upkeep]
|-damage|p1a: Salamence|94/100|[from] Sandstorm
|-damage|p2a: Charizard|94/100|[from] Sandstorm
|-heal|p1a: Salamence|100/100|[from] item: Leftovers
|-heal|p2a: Charizard|100/100|[from] item: Leftovers
|upkeep
|turn|20
|
|t:|1728075226
|move|p1a: Salamence|Rock Slide|p2a: Charizard
|-supereffective|p2a: Charizard
|-damage|p2a: Charizard|0 fnt
|faint|p2a: Charizard
|
|t:|1728075229
|switch|p2a: Hariyama|Hariyama, F|82/100
|
|-weather|Sandstorm|[upkeep]
|-damage|p1a: Salamence|94/100|[from] Sandstorm
|-damage|p2a: Hariyama|76/100|[from] Sandstorm
|-heal|p1a: Salamence|100/100|[from] item: Leftovers
|-heal|p2a: Hariyama|82/100|[from] item: Leftovers
|upkeep
|turn|21
|
|t:|1728075230
|move|p1a: Salamence|Hidden Power|p2a: Hariyama
|-supereffective|p2a: Hariyama
|-damage|p2a: Hariyama|0 fnt
|faint|p2a: Hariyama
|
|win|almarkowbender
|c|☆almarkowbender|gg
|c|☆Albatross115|incredible lol
|c|☆Albatross115|gg

</script>
<script type="application/json" class="data" id="replaydata-smogtours-gen3ou-794714">
{"id":"smogtours-gen3ou-794714","format":"[Gen 3] OU","players":["almarkowbender","Albatross115"],"uploadtime":1728075230,"views":83,"formatid":"gen3ou","rating":null,"private":0,"password":null}
</script>

<script defer src="js/replays.js?9d40a366"></script>
