<!DOCTYPE html>
<meta charset="utf-8" />
<meta name="viewport" content="width=device-width" />

<title>[Gen 3] OU: Albatross115 vs. almarkowbender - Replays - Pok&eacute;mon Showdown!</title>

<meta name="description" content="Watch a replay of a Pok&eacute;mon battle between Albatross115 and almarkowbender! Format: [Gen 3] OU; Date: Oct 4, 2024" />
<!--

Hey, you! Looking in the source for the replay log?

You can find them in JSON format, just add `.json` at the end of a replay URL.

https://replay.pokemonshowdown.com/gen7randomdoublesbattle-865046831.json

Or, if you only need the log itself, add `.log` instead:

https://replay.pokemonshowdown.com/gen7randomdoublesbattle-865046831.log

-->

<link rel="stylesheet" href="//pokemonshowdown.com/style/global.css?0.023195364461161105" />
<link rel="stylesheet" href="//play.pokemonshowdown.com/style/font-awesome.css?0.13261647063804238" />
<link rel="stylesheet" href="//play.pokemonshowdown.com/style/battle.css?0.8753245789963631" />
<link rel="stylesheet" href="//play.pokemonshowdown.com/style/utilichart.css?0.8627959624976733" />

<!-- Global site tag (gtag.js) - Google Analytics -->
<script async src="https://www.googletagmanager.com/gtag/js?id=UA-26211653-1"></script>
<script>
  window.dataLayer = window.dataLayer || [];
  function gtag(){dataLayer.push(arguments);}
  gtag('js', new Date());

  gtag('config', 'UA-26211653-1');
</script>
<!-- End Google Analytics -->
<!-- Venatus Ad Manager - Install in <HEAD> of page -->
	<script src="https://hb.vntsm.com/v3/live/ad-manager.min.js" type="text/javascript" data-site-id="642aba63ec9a7b11c3c9c1be" data-mode="scan" async></script>
<!-- / Venatus Ad Manager -->

<style>
	@media (max-width:820px) {
		.battle {
			margin: 0 auto;
		}
		.battle-log {
			margin: 7px auto 0;
			max-width: 640px;
			height: 300px;
			position: static;
		}
	}
	.optgroup {
		display: inline-block;
		line-height: 22px;
		font-size: 10pt;
	}
	.optgroup .button {
		height: 25px;
		padding-top: 0;
		padding-bottom: 0;
	}
	.optgroup button.button {
		padding-left: 12px;
		padding-right: 12px;
	}
	.linklist {
		list-style: none;
		margin: 0.5em 0;
		padding: 0;
	}
	.linklist li {
		padding: 2px 0;
	}
	.sidebar {
		float: left;
		width: 320px;
	}
	.bar-wrapper {
		max-width: 1100px;
		margin: 0 auto;
	}
	.bar-wrapper.has-sidebar {
		max-width: 1430px;
	}
	.mainbar {
		margin: 0;
		padding-right: 1px;
	}
	.mainbar.has-sidebar {
		margin-left: 330px;
	}
	@media (min-width: 1511px) {
		.sidebar {
			width: 400px;
		}
		.bar-wrapper.has-sidebar {
			max-width: 1510px;
		}
		.mainbar.has-sidebar {
			margin-left: 410px;
		}
	}
	.section.first-section {
		margin-top: 9px;
	}
	.blocklink small {
		white-space: normal;
	}
	.button {
		vertical-align: middle;
	}
	.replay-controls {
		padding-top: 10px;
	}
	.replay-controls h1 {
		font-size: 16pt;
		font-weight: normal;
		color: #CCC;
	}
	.pagelink {
		text-align: center;
	}
	.pagelink a {
		width: 150px;
	}
	.textbox, .button {
		font-size: 11pt;
		vertical-align: middle;
	}
	@media (max-width: 450px) {
		.button {
			font-size: 9pt;
		}
	}
</style>

<div>

	<header>
		<div class="nav-wrapper"><ul class="nav">
			<li><a class="button nav-first" href="//pokemonshowdown.com/"><img src="//pokemonshowdown.com/images/pokemonshowdownbeta.png" srcset="//pokemonshowdown.com/images/pokemonshowdownbeta.png 1x, //pokemonshowdown.com/images/pokemonshowdownbeta@2x.png 2x" alt="Pok&eacute;mon Showdown" width="146" height="44" /> Home</a></li>
			<li><a class="button" href="//pokemonshowdown.com/dex/">Pok&eacute;dex</a></li>
			<li><a class="button cur" href="/">Replays</a></li>
			<li><a class="button" href="//pokemonshowdown.com/ladder/">Ladder</a></li>
			<li><a class="button nav-last" href="//pokemonshowdown.com/forums/">Forum</a></li>
			<li><a class="button greenbutton nav-first nav-last" href="//play.pokemonshowdown.com/">Play</a></li>
		</ul></div>
	</header>

	<div class="main" id="main">

		<noscript><section class="section">You need to enable JavaScript to use this page; sorry!</section></noscript>

	</div>

</div>

<script defer nomodule src="//play.pokemonshowdown.com/js/lib/ps-polyfill.js"></script>
<script defer src="//play.pokemonshowdown.com/js/lib/preact.min.js"></script>

<script defer src="//play.pokemonshowdown.com/config/config.js?2bddbc15"></script>
<script defer src="//play.pokemonshowdown.com/js/lib/jquery-1.11.0.min.js"></script>
<script defer src="//play.pokemonshowdown.com/js/lib/html-sanitizer-minified.js"></script>
<script defer src="//play.pokemonshowdown.com/js/battle-sound.js"></script>
<script defer src="//play.pokemonshowdown.com/js/battledata.js?0.7209276989879541"></script>
<script defer src="//play.pokemonshowdown.com/data/pokedex-mini.js?0.6111056340867951"></script>
<script defer src="//play.pokemonshowdown.com/data/pokedex-mini-bw.js?0.3532142036491459"></script>
<script defer src="//play.pokemonshowdown.com/data/graphics.js?0.24223875632456182"></script>
<script defer src="//play.pokemonshowdown.com/data/pokedex.js?0.38839984266356864"></script>
<script defer src="//play.pokemonshowdown.com/data/moves.js?0.21866028504024015"></script>
<script defer src="//play.pokemonshowdown.com/data/abilities.js?0.2005157953846628"></script>
<script defer src="//play.pokemonshowdown.com/data/items.js?0.9894211263848525"></script>
<script defer src="//play.pokemonshowdown.com/data/teambuilder-tables.js?0.6008791140282215"></script>
<script defer src="//play.pokemonshowdown.com/js/battle-tooltips.js?0.7580118955022959"></script>
<script defer src="//play.pokemonshowdown.com/js/battle.js?0.6057722274234274"></script>

<script defer src="js/utils.js?e31f9a17"></script>
<script defer src="js/replays-battle.js?7008c182"></script>

<!-- don't scrape this data! just add .json or .log after the URL!
Full API docs: https://github.com/smogon/pokemon-showdown-client/blob/master/WEB-API.md -->
<script type="text/plain" class="log" id="replaylog-smogtours-gen3ou-794696">
|inactive|Battle timer is ON: inactive players will automatically lose when time's up.
|t:|1728073636
|gametype|singles
|player|p1|Albatross115|102|
|player|p2|almarkowbender|101|
|teamsize|p1|6
|teamsize|p2|6
|gen|3
|tier|[Gen 3] OU
|rule|Sleep Clause Mod: Limit one foe put to sleep
|rule|Switch Priority Clause Mod: Faster Pokémon switch first
|rule|Species Clause: Limit one of each Pokémon
|rule|OHKO Clause: OHKO moves are banned
|rule|Evasion Items Clause: Evasion items are banned
|rule|Evasion Moves Clause: Evasion moves are banned
|rule|Endless Battle Clause: Forcing endless battles is banned
|rule|HP Percentage Mod: HP is shown in percentages
|rule|One Boost Passer Clause: Limit one Baton Passer that has a way to boost its stats
|rule|Freeze Clause Mod: Limit one foe frozen
|
|t:|1728073636
|start
|switch|p1a: Aerodactyl|Aerodactyl, M|100/100
|switch|p2a: Computer|Metagross|100/100
|turn|1
|c|☆Albatross115|glhf
|c|☆almarkowbender|u 2
|inactive|almarkowbender has 270 seconds left.
|inactive|Albatross115 disconnected and has 300 seconds to reconnect!
|player|p1|
|inactive|Albatross115 reconnected.
|player|p1|Albatross115|102|
|
|t:|1728073670
|switch|p1a: Magneton|Magneton|100/100
|move|p2a: Computer|Meteor Mash|p1a: Magneton
|-resisted|p1a: Magneton
|-damage|p1a: Magneton|70/100
|
|upkeep
|turn|2
|
|t:|1728073683
|move|p1a: Magneton|Protect|p1a: Magneton
|-singleturn|p1a: Magneton|Protect
|move|p2a: Computer|Meteor Mash|p1a: Magneton
|-activate|p1a: Magneton|Protect
|
|upkeep
|turn|3
|
|t:|1728073695
|move|p2a: Computer|Meteor Mash|p1a: Magneton
|-resisted|p1a: Magneton
|-damage|p1a: Magneton|40/100
|move|p1a: Magneton|Thunderbolt|p2a: Computer
|-damage|p2a: Computer|36/100
|
|upkeep
|turn|4
|
|t:|1728073700
|move|p2a: Computer|Meteor Mash|p1a: Magneton|[miss]
|-miss|p2a: Computer|p1a: Magneton
|move|p1a: Magneton|Thunderbolt|p2a: Computer
|-damage|p2a: Computer|0 fnt
|faint|p2a: Computer
|
|t:|1728073704
|switch|p2a: Superconductor|Magneton|100/100
|
|upkeep
|turn|5
|
|t:|1728073709
|move|p2a: Superconductor|Thunderbolt|p1a: Magneton
|-resisted|p1a: Magneton
|-crit|p1a: Magneton
|-damage|p1a: Magneton|0 fnt
|faint|p1a: Magneton
|
|t:|1728073712
|switch|p1a: Aerodactyl|Aerodactyl, M|100/100
|
|upkeep
|turn|6
|
|t:|1728073727
|switch|p2a: Celebi|Celebi|100/100
|move|p1a: Aerodactyl|Earthquake|p2a: Celebi
|-resisted|p2a: Celebi
|-damage|p2a: Celebi|81/100
|
|-heal|p2a: Celebi|88/100|[from] item: Leftovers
|upkeep
|turn|7
|
|t:|1728073732
|switch|p1a: Skarmory|Skarmory, M|100/100
|move|p2a: Celebi|Substitute|p2a: Celebi
|-start|p2a: Celebi|Substitute
|-damage|p2a: Celebi|63/100
|
|-heal|p2a: Celebi|69/100|[from] item: Leftovers
|upkeep
|turn|8
|
|t:|1728073735
|move|p2a: Celebi|Leech Seed|p1a: Skarmory
|-start|p1a: Skarmory|move: Leech Seed
|move|p1a: Skarmory|Roar|p2a: Celebi
|drag|p2a: Gyarados|Gyarados, M|100/100
|-ability|p2a: Gyarados|Intimidate|boost
|-unboost|p1a: Skarmory|atk|1
|
|-damage|p1a: Skarmory|88/100|[from] Leech Seed|[of] p2a: Gyarados
|upkeep
|turn|9
|
|t:|1728073740
|switch|p2a: Superconductor|Magneton|100/100
|move|p1a: Skarmory|Spikes|p2a: Superconductor
|-sidestart|p2: almarkowbender|Spikes
|
|-heal|p1a: Skarmory|94/100|[from] item: Leftovers
|-damage|p1a: Skarmory|82/100|[from] Leech Seed|[of] p2a: Superconductor
|upkeep
|turn|10
|
|t:|1728073743
|move|p2a: Superconductor|Thunderbolt|p1a: Skarmory
|-supereffective|p1a: Skarmory
|-damage|p1a: Skarmory|0 fnt
|faint|p1a: Skarmory
|inactive|Albatross115 has 270 seconds left.
|
|t:|1728073773
|switch|p1a: Swampert|Swampert, F|100/100
|
|upkeep
|turn|11
|
|t:|1728073776
|move|p1a: Swampert|Protect|p1a: Swampert
|-singleturn|p1a: Swampert|Protect
|move|p2a: Superconductor|Hidden Power|p1a: Swampert
|-activate|p1a: Swampert|Protect
|
|upkeep
|turn|12
|
|t:|1728073782
|switch|p1a: Celebi|Celebi|100/100
|move|p2a: Superconductor|Substitute|p2a: Superconductor
|-start|p2a: Superconductor|Substitute
|-damage|p2a: Superconductor|76/100
|
|upkeep
|turn|13
|
|t:|1728073786
|move|p1a: Celebi|Psychic|p2a: Superconductor
|-resisted|p2a: Superconductor
|-crit|p2a: Superconductor
|-end|p2a: Superconductor|Substitute
|move|p2a: Superconductor|Thunderbolt|p1a: Celebi
|-resisted|p1a: Celebi
|-damage|p1a: Celebi|80/100
|
|-heal|p1a: Celebi|86/100|[from] item: Leftovers
|upkeep
|turn|14
|
|t:|1728073800
|switch|p2a: Terror|Tyranitar, F|100/100
|-damage|p2a: Terror|88/100|[from] Spikes
|-weather|Sandstorm|[from] ability: Sand Stream|[of] p2a: Terror
|move|p1a: Celebi|Leech Seed|p2a: Terror
|-start|p2a: Terror|move: Leech Seed
|
|-weather|Sandstorm|[upkeep]
|-damage|p1a: Celebi|80/100|[from] Sandstorm
|-heal|p1a: Celebi|86/100|[from] item: Leftovers
|-damage|p2a: Terror|76/100|[from] Leech Seed|[of] p1a: Celebi
|-heal|p1a: Celebi|97/100|[silent]
|upkeep
|turn|15
|
|t:|1728073813
|switch|p1a: Swampert|Swampert, F|100/100
|switch|p2a: Superconductor|Magneton|76/100
|-damage|p2a: Superconductor|63/100|[from] Spikes
|
|-weather|Sandstorm|[upkeep]
|upkeep
|turn|16
|
|t:|1728073821
|move|p2a: Superconductor|Hidden Power|p1a: Swampert
|-supereffective|p1a: Swampert
|-damage|p1a: Swampert|15/100
|move|p1a: Swampert|Surf|p2a: Superconductor
|-damage|p2a: Superconductor|0 fnt
|faint|p2a: Superconductor
|
|t:|1728073835
|switch|p2a: Celebi|Celebi|69/100
|-damage|p2a: Celebi|56/100|[from] Spikes
|
|-weather|Sandstorm|[upkeep]
|-damage|p2a: Celebi|50/100|[from] Sandstorm
|-heal|p2a: Celebi|56/100|[from] item: Leftovers
|-heal|p1a: Swampert|22/100|[from] item: Leftovers
|upkeep
|turn|17
|
|t:|1728073843
|switch|p1a: Tyranitar|Tyranitar, F|100/100
|move|p2a: Celebi|Psychic|p1a: Tyranitar
|-immune|p1a: Tyranitar
|
|-weather|Sandstorm|[upkeep]
|-damage|p2a: Celebi|50/100|[from] Sandstorm
|-heal|p2a: Celebi|56/100|[from] item: Leftovers
|upkeep
|turn|18
|
|t:|1728073850
|move|p2a: Celebi|Baton Pass|p2a: Celebi
|
|t:|1728073853
|switch|p2a: Gyarados|Gyarados, M|100/100|[from] Baton Pass
|-ability|p2a: Gyarados|Intimidate|boost
|-unboost|p1a: Tyranitar|atk|1
|move|p1a: Tyranitar|Hidden Power|p2a: Gyarados
|-resisted|p2a: Gyarados
|-damage|p2a: Gyarados|90/100
|
|-weather|Sandstorm|[upkeep]
|-damage|p2a: Gyarados|84/100|[from] Sandstorm
|-heal|p2a: Gyarados|90/100|[from] item: Leftovers
|upkeep
|turn|19
|
|t:|1728073881
|move|p2a: Gyarados|Dragon Dance|p2a: Gyarados
|-boost|p2a: Gyarados|atk|1
|-boost|p2a: Gyarados|spe|1
|move|p1a: Tyranitar|Rock Slide|p2a: Gyarados
|-supereffective|p2a: Gyarados
|-damage|p2a: Gyarados|17/100
|
|-weather|Sandstorm|[upkeep]
|-damage|p2a: Gyarados|11/100|[from] Sandstorm
|-heal|p2a: Gyarados|17/100|[from] item: Leftovers
|upkeep
|turn|20
|
|t:|1728073887
|move|p2a: Gyarados|Earthquake|p1a: Tyranitar
|-supereffective|p1a: Tyranitar
|-damage|p1a: Tyranitar|25/100
|move|p1a: Tyranitar|Rock Slide|p2a: Gyarados|[miss]
|-miss|p1a: Tyranitar|p2a: Gyarados
|
|-weather|Sandstorm|[upkeep]
|-damage|p2a: Gyarados|11/100|[from] Sandstorm
|-heal|p2a: Gyarados|17/100|[from] item: Leftovers
|-heal|p1a: Tyranitar|31/100|[from] item: Leftovers
|upkeep
|turn|21
|
|t:|1728073891
|move|p2a: Gyarados|Earthquake|p1a: Tyranitar
|-supereffective|p1a: Tyranitar
|-damage|p1a: Tyranitar|0 fnt
|faint|p1a: Tyranitar
|
|t:|1728073896
|switch|p1a: Aerodactyl|Aerodactyl, M|100/100
|
|-weather|Sandstorm|[upkeep]
|-damage|p2a: Gyarados|11/100|[from] Sandstorm
|-heal|p2a: Gyarados|17/100|[from] item: Leftovers
|upkeep
|turn|22
|
|t:|1728073920
|move|p2a: Gyarados|Hidden Power|p1a: Aerodactyl
|-resisted|p1a: Aerodactyl
|-damage|p1a: Aerodactyl|60/100
|move|p1a: Aerodactyl|Double-Edge|p2a: Gyarados
|-damage|p2a: Gyarados|0 fnt
|faint|p2a: Gyarados
|
|t:|1728073927
|switch|p2a: Terror|Tyranitar, F|76/100
|-damage|p2a: Terror|64/100|[from] Spikes
|
|-weather|Sandstorm|[upkeep]
|upkeep
|turn|23
|
|t:|1728073932
|switch|p1a: Swampert|Swampert, F|22/100
|move|p2a: Terror|Dragon Dance|p2a: Terror
|-boost|p2a: Terror|atk|1
|-boost|p2a: Terror|spe|1
|
|-weather|Sandstorm|[upkeep]
|-heal|p1a: Swampert|28/100|[from] item: Leftovers
|upkeep
|turn|24
|
|t:|1728073936
|move|p2a: Terror|Earthquake|p1a: Swampert
|-damage|p1a: Swampert|0 fnt
|faint|p1a: Swampert
|
|t:|1728073938
|switch|p1a: Aerodactyl|Aerodactyl, M|60/100
|
|-weather|Sandstorm|[upkeep]
|upkeep
|turn|25
|
|t:|1728073942
|move|p1a: Aerodactyl|Earthquake|p2a: Terror
|-supereffective|p2a: Terror
|-damage|p2a: Terror|0 fnt
|faint|p2a: Terror
|
|t:|1728073944
|switch|p2a: Salamence|Salamence, M|100/100
|-ability|p2a: Salamence|Intimidate|boost
|-unboost|p1a: Aerodactyl|atk|1
|
|-weather|Sandstorm|[upkeep]
|-damage|p2a: Salamence|94/100|[from] Sandstorm
|-heal|p2a: Salamence|100/100|[from] item: Leftovers
|upkeep
|turn|26
|
|t:|1728073946
|switch|p1a: Celebi|Celebi|97/100
|move|p2a: Salamence|Dragon Dance|p2a: Salamence
|-boost|p2a: Salamence|atk|1
|-boost|p2a: Salamence|spe|1
|
|-weather|Sandstorm|[upkeep]
|-damage|p2a: Salamence|94/100|[from] Sandstorm
|-damage|p1a: Celebi|90/100|[from] Sandstorm
|-heal|p2a: Salamence|100/100|[from] item: Leftovers
|-heal|p1a: Celebi|97/100|[from] item: Leftovers
|upkeep
|turn|27
|inactive|almarkowbender has 270 seconds left.
|
|t:|1728073987
|move|p2a: Salamence|Hidden Power|p1a: Celebi
|-supereffective|p1a: Celebi
|-crit|p1a: Celebi
|-damage|p1a: Celebi|0 fnt
|faint|p1a: Celebi
|
|t:|1728073990
|switch|p1a: Aerodactyl|Aerodactyl, M|60/100
|
|-weather|Sandstorm|[upkeep]
|-damage|p2a: Salamence|94/100|[from] Sandstorm
|-heal|p2a: Salamence|100/100|[from] item: Leftovers
|upkeep
|turn|28
|
|t:|1728073992
|move|p2a: Salamence|Rock Slide|p1a: Aerodactyl
|-supereffective|p1a: Aerodactyl
|-damage|p1a: Aerodactyl|0 fnt
|faint|p1a: Aerodactyl
|
|win|almarkowbender
|c|☆almarkowbender|gg
|c|☆Albatross115|gg

</script>
<script type="application/json" class="data" id="replaydata-smogtours-gen3ou-794696">
{"id":"smogtours-gen3ou-794696","format":"[Gen 3] OU","players":["Albatross115","almarkowbender"],"uploadtime":1728073992,"views":104,"formatid":"gen3ou","rating":null,"private":0,"password":null}
</script>

<script defer src="js/replays.js?9d40a366"></script>
