<!DOCTYPE html>
<meta charset="utf-8" />
<meta name="viewport" content="width=device-width" />

<title>[Gen 3] OU: EternumTagerMain vs. Scansafatiche - Replays - Pok&eacute;mon Showdown!</title>

<meta name="description" content="Watch a replay of a Pok&eacute;mon battle between EternumTagerMain and Scansafatiche! Format: [Gen 3] OU; Date: Oct 7, 2024" />
<!--

Hey, you! Looking in the source for the replay log?

You can find them in JSON format, just add `.json` at the end of a replay URL.

https://replay.pokemonshowdown.com/gen7randomdoublesbattle-865046831.json

Or, if you only need the log itself, add `.log` instead:

https://replay.pokemonshowdown.com/gen7randomdoublesbattle-865046831.log

-->

<link rel="stylesheet" href="//pokemonshowdown.com/style/global.css?0.023195364461161105" />
<link rel="stylesheet" href="//play.pokemonshowdown.com/style/font-awesome.css?0.13261647063804238" />
<link rel="stylesheet" href="//play.pokemonshowdown.com/style/battle.css?0.8753245789963631" />
<link rel="stylesheet" href="//play.pokemonshowdown.com/style/utilichart.css?0.8627959624976733" />

<!-- Global site tag (gtag.js) - Google Analytics -->
<script async src="https://www.googletagmanager.com/gtag/js?id=UA-26211653-1"></script>
<script>
  window.dataLayer = window.dataLayer || [];
  function gtag(){dataLayer.push(arguments);}
  gtag('js', new Date());

  gtag('config', 'UA-26211653-1');
</script>
<!-- End Google Analytics -->
<!-- Venatus Ad Manager - Install in <HEAD> of page -->
	<script src="https://hb.vntsm.com/v3/live/ad-manager.min.js" type="text/javascript" data-site-id="642aba63ec9a7b11c3c9c1be" data-mode="scan" async></script>
<!-- / Venatus Ad Manager -->

<style>
	@media (max-width:820px) {
		.battle {
			margin: 0 auto;
		}
		.battle-log {
			margin: 7px auto 0;
			max-width: 640px;
			height: 300px;
			position: static;
		}
	}
	.optgroup {
		display: inline-block;
		line-height: 22px;
		font-size: 10pt;
	}
	.optgroup .button {
		height: 25px;
		padding-top: 0;
		padding-bottom: 0;
	}
	.optgroup button.button {
		padding-left: 12px;
		padding-right: 12px;
	}
	.linklist {
		list-style: none;
		margin: 0.5em 0;
		padding: 0;
	}
	.linklist li {
		padding: 2px 0;
	}
	.sidebar {
		float: left;
		width: 320px;
	}
	.bar-wrapper {
		max-width: 1100px;
		margin: 0 auto;
	}
	.bar-wrapper.has-sidebar {
		max-width: 1430px;
	}
	.mainbar {
		margin: 0;
		padding-right: 1px;
	}
	.mainbar.has-sidebar {
		margin-left: 330px;
	}
	@media (min-width: 1511px) {
		.sidebar {
			width: 400px;
		}
		.bar-wrapper.has-sidebar {
			max-width: 1510px;
		}
		.mainbar.has-sidebar {
			margin-left: 410px;
		}
	}
	.section.first-section {
		margin-top: 9px;
	}
	.blocklink small {
		white-space: normal;
	}
	.button {
		vertical-align: middle;
	}
	.replay-controls {
		padding-top: 10px;
	}
	.replay-controls h1 {
		font-size: 16pt;
		font-weight: normal;
		color: #CCC;
	}
	.pagelink {
		text-align: center;
	}
	.pagelink a {
		width: 150px;
	}
	.textbox, .button {
		font-size: 11pt;
		vertical-align: middle;
	}
	@media (max-width: 450px) {
		.button {
			font-size: 9pt;
		}
	}
</style>

<div>

	<header>
		<div class="nav-wrapper"><ul class="nav">
			<li><a class="button nav-first" href="//pokemonshowdown.com/"><img src="//pokemonshowdown.com/images/pokemonshowdownbeta.png" srcset="//pokemonshowdown.com/images/pokemonshowdownbeta.png 1x, //pokemonshowdown.com/images/pokemonshowdownbeta@2x.png 2x" alt="Pok&eacute;mon Showdown" width="146" height="44" /> Home</a></li>
			<li><a class="button" href="//pokemonshowdown.com/dex/">Pok&eacute;dex</a></li>
			<li><a class="button cur" href="/">Replays</a></li>
			<li><a class="button" href="//pokemonshowdown.com/ladder/">Ladder</a></li>
			<li><a class="button nav-last" href="//pokemonshowdown.com/forums/">Forum</a></li>
			<li><a class="button greenbutton nav-first nav-last" href="//play.pokemonshowdown.com/">Play</a></li>
		</ul></div>
	</header>

	<div class="main" id="main">

		<noscript><section class="section">You need to enable JavaScript to use this page; sorry!</section></noscript>

	</div>

</div>

<script defer nomodule src="//play.pokemonshowdown.com/js/lib/ps-polyfill.js"></script>
<script defer src="//play.pokemonshowdown.com/js/lib/preact.min.js"></script>

<script defer src="//play.pokemonshowdown.com/config/config.js?2bddbc15"></script>
<script defer src="//play.pokemonshowdown.com/js/lib/jquery-1.11.0.min.js"></script>
<script defer src="//play.pokemonshowdown.com/js/lib/html-sanitizer-minified.js"></script>
<script defer src="//play.pokemonshowdown.com/js/battle-sound.js"></script>
<script defer src="//play.pokemonshowdown.com/js/battledata.js?0.7209276989879541"></script>
<script defer src="//play.pokemonshowdown.com/data/pokedex-mini.js?0.6111056340867951"></script>
<script defer src="//play.pokemonshowdown.com/data/pokedex-mini-bw.js?0.3532142036491459"></script>
<script defer src="//play.pokemonshowdown.com/data/graphics.js?0.24223875632456182"></script>
<script defer src="//play.pokemonshowdown.com/data/pokedex.js?0.38839984266356864"></script>
<script defer src="//play.pokemonshowdown.com/data/moves.js?0.21866028504024015"></script>
<script defer src="//play.pokemonshowdown.com/data/abilities.js?0.2005157953846628"></script>
<script defer src="//play.pokemonshowdown.com/data/items.js?0.9894211263848525"></script>
<script defer src="//play.pokemonshowdown.com/data/teambuilder-tables.js?0.6008791140282215"></script>
<script defer src="//play.pokemonshowdown.com/js/battle-tooltips.js?0.7580118955022959"></script>
<script defer src="//play.pokemonshowdown.com/js/battle.js?0.6057722274234274"></script>

<script defer src="js/utils.js?e31f9a17"></script>
<script defer src="js/replays-battle.js?7008c182"></script>

<!-- don't scrape this data! just add .json or .log after the URL!
Full API docs: https://github.com/smogon/pokemon-showdown-client/blob/master/WEB-API.md -->
<script type="text/plain" class="log" id="replaylog-smogtours-gen3ou-796208">
|inactive|Battle timer is ON: inactive players will automatically lose when time's up.
|t:|1728328784
|gametype|singles
|player|p1|EternumTagerMain|winona|
|player|p2|Scansafatiche|1|
|teamsize|p1|6
|teamsize|p2|6
|gen|3
|tier|[Gen 3] OU
|rule|Sleep Clause Mod: Limit one foe put to sleep
|rule|Switch Priority Clause Mod: Faster Pokémon switch first
|rule|Species Clause: Limit one of each Pokémon
|rule|OHKO Clause: OHKO moves are banned
|rule|Evasion Items Clause: Evasion items are banned
|rule|Evasion Moves Clause: Evasion moves are banned
|rule|Endless Battle Clause: Forcing endless battles is banned
|rule|HP Percentage Mod: HP is shown in percentages
|rule|One Boost Passer Clause: Limit one Baton Passer that has a way to boost its stats
|rule|Freeze Clause Mod: Limit one foe frozen
|
|t:|1728328784
|start
|switch|p1a: Zapdos|Zapdos|100/100
|switch|p2a: SDJ|Salamence, M|100/100
|-ability|p2a: SDJ|Intimidate|boost
|-unboost|p1a: Zapdos|atk|1
|turn|1
|c|☆Scansafatiche|do u want timer on or off?
|c|☆EternumTagerMain|I play my turns quite quickly
|c|☆EternumTagerMain|It's about you
|
|t:|1728328810
|switch|p2a: Lily|Blissey, F|100/100
|move|p1a: Zapdos|Thunderbolt|p2a: Lily
|-damage|p2a: Lily|83/100
|
|-heal|p2a: Lily|89/100|[from] item: Leftovers
|upkeep
|turn|2
|
|t:|1728328821
|move|p1a: Zapdos|Toxic|p2a: Lily
|-status|p2a: Lily|tox
|move|p2a: Lily|Seismic Toss|p1a: Zapdos
|-damage|p1a: Zapdos|69/100
|
|-heal|p1a: Zapdos|76/100|[from] item: Leftovers
|-heal|p2a: Lily|95/100 tox|[from] item: Leftovers
|-damage|p2a: Lily|89/100 tox|[from] psn
|upkeep
|turn|3
|
|t:|1728328825
|move|p1a: Zapdos|Baton Pass|p1a: Zapdos
|
|t:|1728328827
|switch|p1a: Skarmory|Skarmory, M|100/100|[from] Baton Pass
|move|p2a: Lily|Thunder Wave|p1a: Skarmory
|-status|p1a: Skarmory|par
|
|-heal|p2a: Lily|95/100 tox|[from] item: Leftovers
|-damage|p2a: Lily|83/100 tox|[from] psn
|upkeep
|turn|4
|
|t:|1728328835
|-curestatus|p2a: Lily|tox|[from] ability: Natural Cure
|switch|p2a: Umbr|Tyranitar, F|100/100
|-weather|Sandstorm|[from] ability: Sand Stream|[of] p2a: Umbr
|move|p1a: Skarmory|Spikes|p2a: Umbr
|-sidestart|p2: Scansafatiche|Spikes
|
|-weather|Sandstorm|[upkeep]
|upkeep
|turn|5
|
|t:|1728328843
|move|p2a: Umbr|Fire Blast|p1a: Skarmory
|-supereffective|p1a: Skarmory
|-damage|p1a: Skarmory|0 fnt
|faint|p1a: Skarmory
|
|t:|1728328852
|switch|p1a: Flygon|Flygon, M|100/100
|
|-weather|Sandstorm|[upkeep]
|upkeep
|turn|6
|
|t:|1728328858
|switch|p2a: Fahey|Forretress, F|100/100
|-damage|p2a: Fahey|88/100|[from] Spikes
|move|p1a: Flygon|Toxic|p2a: Fahey
|-immune|p2a: Fahey
|
|-weather|Sandstorm|[upkeep]
|-heal|p2a: Fahey|94/100|[from] item: Leftovers
|upkeep
|turn|7
|
|t:|1728328860
|move|p1a: Flygon|Fire Blast|p2a: Fahey
|-supereffective|p2a: Fahey
|-damage|p2a: Fahey|19/100
|move|p2a: Fahey|Rapid Spin|p1a: Flygon
|-damage|p1a: Flygon|97/100
|-sideend|p2: Scansafatiche|Spikes|[from] move: Rapid Spin|[of] p2a: Fahey
|
|-weather|Sandstorm|[upkeep]
|-heal|p1a: Flygon|100/100|[from] item: Leftovers
|-heal|p2a: Fahey|25/100|[from] item: Leftovers
|upkeep
|turn|8
|
|t:|1728328867
|switch|p2a: SDJ|Salamence, M|100/100
|-ability|p2a: SDJ|Intimidate|boost
|-unboost|p1a: Flygon|atk|1
|move|p1a: Flygon|Earthquake|p2a: SDJ
|-immune|p2a: SDJ
|
|-weather|Sandstorm|[upkeep]
|-damage|p2a: SDJ|95/100|[from] Sandstorm
|-heal|p2a: SDJ|100/100|[from] item: Leftovers
|upkeep
|turn|9
|
|t:|1728328872
|move|p1a: Flygon|Protect|p1a: Flygon
|-singleturn|p1a: Flygon|Protect
|move|p2a: SDJ|Dragon Claw|p1a: Flygon
|-activate|p1a: Flygon|Protect
|
|-weather|Sandstorm|[upkeep]
|-damage|p2a: SDJ|95/100|[from] Sandstorm
|-heal|p2a: SDJ|100/100|[from] item: Leftovers
|upkeep
|turn|10
|
|t:|1728328884
|switch|p1a: Aerodactyl|Aerodactyl, M|100/100
|move|p2a: SDJ|Dragon Claw|p1a: Aerodactyl
|-crit|p1a: Aerodactyl
|-damage|p1a: Aerodactyl|0 fnt
|faint|p1a: Aerodactyl
|c|☆Scansafatiche|my b
|
|t:|1728328897
|switch|p1a: Gengar|Gengar, F|100/100
|
|-weather|Sandstorm|[upkeep]
|-damage|p1a: Gengar|94/100|[from] Sandstorm
|-damage|p2a: SDJ|95/100|[from] Sandstorm
|-heal|p1a: Gengar|100/100|[from] item: Leftovers
|-heal|p2a: SDJ|100/100|[from] item: Leftovers
|upkeep
|turn|11
|
|t:|1728328903
|switch|p2a: Umbr|Tyranitar, F|100/100
|move|p1a: Gengar|Ice Punch|p2a: Umbr
|-damage|p2a: Umbr|76/100
|
|-weather|Sandstorm|[upkeep]
|-damage|p1a: Gengar|94/100|[from] Sandstorm
|-heal|p1a: Gengar|100/100|[from] item: Leftovers
|-heal|p2a: Umbr|82/100|[from] item: Leftovers
|upkeep
|turn|12
|
|t:|1728328908
|move|p1a: Gengar|Will-O-Wisp|p2a: Umbr
|-status|p2a: Umbr|brn
|move|p2a: Umbr|Pursuit|p1a: Gengar
|-supereffective|p1a: Gengar
|-damage|p1a: Gengar|40/100
|
|-weather|Sandstorm|[upkeep]
|-damage|p1a: Gengar|34/100|[from] Sandstorm
|-heal|p1a: Gengar|40/100|[from] item: Leftovers
|-heal|p2a: Umbr|88/100 brn|[from] item: Leftovers
|-damage|p2a: Umbr|76/100 brn|[from] brn
|upkeep
|turn|13
|
|t:|1728328916
|move|p1a: Gengar|Explosion|p2a: Umbr
|-resisted|p2a: Umbr
|-damage|p2a: Umbr|47/100 brn
|faint|p1a: Gengar
|
|t:|1728328924
|switch|p1a: Zapdos|Zapdos|76/100
|
|-weather|Sandstorm|[upkeep]
|-damage|p1a: Zapdos|69/100|[from] Sandstorm
|-heal|p1a: Zapdos|76/100|[from] item: Leftovers
|-heal|p2a: Umbr|53/100 brn|[from] item: Leftovers
|-damage|p2a: Umbr|41/100 brn|[from] brn
|upkeep
|turn|14
|
|t:|1728328929
|move|p1a: Zapdos|Thunderbolt|p2a: Umbr
|-damage|p2a: Umbr|3/100 brn
|move|p2a: Umbr|Crunch|p1a: Zapdos
|-damage|p1a: Zapdos|30/100
|
|-weather|Sandstorm|[upkeep]
|-damage|p1a: Zapdos|24/100|[from] Sandstorm
|-heal|p1a: Zapdos|30/100|[from] item: Leftovers
|-heal|p2a: Umbr|9/100 brn|[from] item: Leftovers
|-damage|p2a: Umbr|0 fnt|[from] brn
|faint|p2a: Umbr
|upkeep
|
|t:|1728328934
|switch|p2a: YUNGLE DIFF|Aerodactyl, F|100/100
|turn|15
|
|t:|1728328937
|move|p2a: YUNGLE DIFF|Double-Edge|p1a: Zapdos
|-damage|p1a: Zapdos|0 fnt
|faint|p1a: Zapdos
|
|t:|1728328945
|switch|p1a: Charizard|Charizard, F|100/100
|
|-weather|Sandstorm|[upkeep]
|-damage|p1a: Charizard|94/100|[from] Sandstorm
|-heal|p1a: Charizard|100/100|[from] item: Leftovers
|upkeep
|turn|16
|
|t:|1728328954
|move|p2a: YUNGLE DIFF|Double-Edge|p1a: Charizard
|-damage|p1a: Charizard|29/100
|move|p1a: Charizard|Fire Blast|p2a: YUNGLE DIFF
|-resisted|p2a: YUNGLE DIFF
|-damage|p2a: YUNGLE DIFF|34/100
|
|-weather|Sandstorm|[upkeep]
|-damage|p1a: Charizard|23/100|[from] Sandstorm
|-heal|p1a: Charizard|29/100|[from] item: Leftovers
|upkeep
|turn|17
|
|t:|1728328959
|move|p2a: YUNGLE DIFF|Double-Edge|p1a: Charizard
|-damage|p1a: Charizard|0 fnt
|faint|p1a: Charizard
|
|t:|1728328960
|switch|p1a: Flygon|Flygon, M|100/100
|
|-weather|Sandstorm|[upkeep]
|upkeep
|turn|18
|
|t:|1728328966
|switch|p2a: SDJ|Salamence, M|100/100
|-ability|p2a: SDJ|Intimidate|boost
|-unboost|p1a: Flygon|atk|1
|move|p1a: Flygon|Toxic|p2a: SDJ|[miss]
|-miss|p1a: Flygon|p2a: SDJ
|
|-weather|Sandstorm|[upkeep]
|-damage|p2a: SDJ|95/100|[from] Sandstorm
|-heal|p2a: SDJ|100/100|[from] item: Leftovers
|upkeep
|turn|19
|
|t:|1728328970
|move|p2a: SDJ|Dragon Claw|p1a: Flygon
|-supereffective|p1a: Flygon
|-damage|p1a: Flygon|12/100
|move|p1a: Flygon|Toxic|p2a: SDJ|[miss]
|-miss|p1a: Flygon|p2a: SDJ
|
|-weather|Sandstorm|[upkeep]
|-damage|p2a: SDJ|95/100|[from] Sandstorm
|-heal|p2a: SDJ|100/100|[from] item: Leftovers
|-heal|p1a: Flygon|18/100|[from] item: Leftovers
|upkeep
|turn|20
|
|t:|1728328974
|move|p2a: SDJ|Dragon Claw|p1a: Flygon
|-supereffective|p1a: Flygon
|-damage|p1a: Flygon|0 fnt
|faint|p1a: Flygon
|
|win|Scansafatiche
|c|☆Scansafatiche|gg
|c|☆EternumTagerMain|Hopefully this uses up all my bad luck

</script>
<script type="application/json" class="data" id="replaydata-smogtours-gen3ou-796208">
{"id":"smogtours-gen3ou-796208","format":"[Gen 3] OU","players":["EternumTagerMain","Scansafatiche"],"uploadtime":1728328974,"views":96,"formatid":"gen3ou","rating":null,"private":0,"password":null}
</script>

<script defer src="js/replays.js?9d40a366"></script>
