<!DOCTYPE html>
<meta charset="utf-8" />
<meta name="viewport" content="width=device-width" />

<title>[Gen 3] OU: Darksamer vs. marcelbruer - Replays - Pok&eacute;mon Showdown!</title>

<meta name="description" content="Watch a replay of a Pok&eacute;mon battle between Darksamer and marcelbruer! Format: [Gen 3] OU; Date: Oct 8, 2024" />
<!--

Hey, you! Looking in the source for the replay log?

You can find them in JSON format, just add `.json` at the end of a replay URL.

https://replay.pokemonshowdown.com/gen7randomdoublesbattle-865046831.json

Or, if you only need the log itself, add `.log` instead:

https://replay.pokemonshowdown.com/gen7randomdoublesbattle-865046831.log

-->

<link rel="stylesheet" href="//pokemonshowdown.com/style/global.css?0.023195364461161105" />
<link rel="stylesheet" href="//play.pokemonshowdown.com/style/font-awesome.css?0.13261647063804238" />
<link rel="stylesheet" href="//play.pokemonshowdown.com/style/battle.css?0.8753245789963631" />
<link rel="stylesheet" href="//play.pokemonshowdown.com/style/utilichart.css?0.8627959624976733" />

<!-- Global site tag (gtag.js) - Google Analytics -->
<script async src="https://www.googletagmanager.com/gtag/js?id=UA-26211653-1"></script>
<script>
  window.dataLayer = window.dataLayer || [];
  function gtag(){dataLayer.push(arguments);}
  gtag('js', new Date());

  gtag('config', 'UA-26211653-1');
</script>
<!-- End Google Analytics -->
<!-- Venatus Ad Manager - Install in <HEAD> of page -->
	<script src="https://hb.vntsm.com/v3/live/ad-manager.min.js" type="text/javascript" data-site-id="642aba63ec9a7b11c3c9c1be" data-mode="scan" async></script>
<!-- / Venatus Ad Manager -->

<style>
	@media (max-width:820px) {
		.battle {
			margin: 0 auto;
		}
		.battle-log {
			margin: 7px auto 0;
			max-width: 640px;
			height: 300px;
			position: static;
		}
	}
	.optgroup {
		display: inline-block;
		line-height: 22px;
		font-size: 10pt;
	}
	.optgroup .button {
		height: 25px;
		padding-top: 0;
		padding-bottom: 0;
	}
	.optgroup button.button {
		padding-left: 12px;
		padding-right: 12px;
	}
	.linklist {
		list-style: none;
		margin: 0.5em 0;
		padding: 0;
	}
	.linklist li {
		padding: 2px 0;
	}
	.sidebar {
		float: left;
		width: 320px;
	}
	.bar-wrapper {
		max-width: 1100px;
		margin: 0 auto;
	}
	.bar-wrapper.has-sidebar {
		max-width: 1430px;
	}
	.mainbar {
		margin: 0;
		padding-right: 1px;
	}
	.mainbar.has-sidebar {
		margin-left: 330px;
	}
	@media (min-width: 1511px) {
		.sidebar {
			width: 400px;
		}
		.bar-wrapper.has-sidebar {
			max-width: 1510px;
		}
		.mainbar.has-sidebar {
			margin-left: 410px;
		}
	}
	.section.first-section {
		margin-top: 9px;
	}
	.blocklink small {
		white-space: normal;
	}
	.button {
		vertical-align: middle;
	}
	.replay-controls {
		padding-top: 10px;
	}
	.replay-controls h1 {
		font-size: 16pt;
		font-weight: normal;
		color: #CCC;
	}
	.pagelink {
		text-align: center;
	}
	.pagelink a {
		width: 150px;
	}
	.textbox, .button {
		font-size: 11pt;
		vertical-align: middle;
	}
	@media (max-width: 450px) {
		.button {
			font-size: 9pt;
		}
	}
</style>

<div>

	<header>
		<div class="nav-wrapper"><ul class="nav">
			<li><a class="button nav-first" href="//pokemonshowdown.com/"><img src="//pokemonshowdown.com/images/pokemonshowdownbeta.png" srcset="//pokemonshowdown.com/images/pokemonshowdownbeta.png 1x, //pokemonshowdown.com/images/pokemonshowdownbeta@2x.png 2x" alt="Pok&eacute;mon Showdown" width="146" height="44" /> Home</a></li>
			<li><a class="button" href="//pokemonshowdown.com/dex/">Pok&eacute;dex</a></li>
			<li><a class="button cur" href="/">Replays</a></li>
			<li><a class="button" href="//pokemonshowdown.com/ladder/">Ladder</a></li>
			<li><a class="button nav-last" href="//pokemonshowdown.com/forums/">Forum</a></li>
			<li><a class="button greenbutton nav-first nav-last" href="//play.pokemonshowdown.com/">Play</a></li>
		</ul></div>
	</header>

	<div class="main" id="main">

		<noscript><section class="section">You need to enable JavaScript to use this page; sorry!</section></noscript>

	</div>

</div>

<script defer nomodule src="//play.pokemonshowdown.com/js/lib/ps-polyfill.js"></script>
<script defer src="//play.pokemonshowdown.com/js/lib/preact.min.js"></script>

<script defer src="//play.pokemonshowdown.com/config/config.js?2bddbc15"></script>
<script defer src="//play.pokemonshowdown.com/js/lib/jquery-1.11.0.min.js"></script>
<script defer src="//play.pokemonshowdown.com/js/lib/html-sanitizer-minified.js"></script>
<script defer src="//play.pokemonshowdown.com/js/battle-sound.js"></script>
<script defer src="//play.pokemonshowdown.com/js/battledata.js?0.7209276989879541"></script>
<script defer src="//play.pokemonshowdown.com/data/pokedex-mini.js?0.6111056340867951"></script>
<script defer src="//play.pokemonshowdown.com/data/pokedex-mini-bw.js?0.3532142036491459"></script>
<script defer src="//play.pokemonshowdown.com/data/graphics.js?0.24223875632456182"></script>
<script defer src="//play.pokemonshowdown.com/data/pokedex.js?0.38839984266356864"></script>
<script defer src="//play.pokemonshowdown.com/data/moves.js?0.21866028504024015"></script>
<script defer src="//play.pokemonshowdown.com/data/abilities.js?0.2005157953846628"></script>
<script defer src="//play.pokemonshowdown.com/data/items.js?0.9894211263848525"></script>
<script defer src="//play.pokemonshowdown.com/data/teambuilder-tables.js?0.6008791140282215"></script>
<script defer src="//play.pokemonshowdown.com/js/battle-tooltips.js?0.7580118955022959"></script>
<script defer src="//play.pokemonshowdown.com/js/battle.js?0.6057722274234274"></script>

<script defer src="js/utils.js?e31f9a17"></script>
<script defer src="js/replays-battle.js?7008c182"></script>

<!-- don't scrape this data! just add .json or .log after the URL!
Full API docs: https://github.com/smogon/pokemon-showdown-client/blob/master/WEB-API.md -->
<script type="text/plain" class="log" id="replaylog-smogtours-gen3ou-796287">
|inactive|Battle timer is ON: inactive players will automatically lose when time's up.
|t:|1728345256
|gametype|singles
|player|p1|Darksamer|169|
|player|p2|marcelbruer|101|
|teamsize|p1|6
|teamsize|p2|6
|gen|3
|tier|[Gen 3] OU
|rule|Sleep Clause Mod: Limit one foe put to sleep
|rule|Switch Priority Clause Mod: Faster Pokémon switch first
|rule|Species Clause: Limit one of each Pokémon
|rule|OHKO Clause: OHKO moves are banned
|rule|Evasion Items Clause: Evasion items are banned
|rule|Evasion Moves Clause: Evasion moves are banned
|rule|Endless Battle Clause: Forcing endless battles is banned
|rule|HP Percentage Mod: HP is shown in percentages
|rule|One Boost Passer Clause: Limit one Baton Passer that has a way to boost its stats
|rule|Freeze Clause Mod: Limit one foe frozen
|
|t:|1728345256
|start
|switch|p1a: Slaking|Slaking, F|100/100
|switch|p2a: Medicham|Medicham, F|100/100
|turn|1
|inactive|marcelbruer has 270 seconds left.
|
|t:|1728345302
|move|p1a: Slaking|Shadow Ball|p2a: Medicham
|-supereffective|p2a: Medicham
|-damage|p2a: Medicham|0 fnt
|faint|p2a: Medicham
|
|t:|1728345307
|switch|p2a: Heracross|Heracross, M|100/100
|
|upkeep
|turn|2
|
|t:|1728345320
|-singleturn|p2a: Heracross|move: Focus Punch
|switch|p1a: Gengar|Gengar, F|100/100
|move|p2a: Heracross|Focus Punch|p1a: Gengar
|-immune|p1a: Gengar
|
|upkeep
|turn|3
|
|t:|1728345338
|switch|p2a: Snorlax|Snorlax, F|100/100
|move|p1a: Gengar|Thunderbolt|p2a: Snorlax
|-damage|p2a: Snorlax|80/100
|
|-heal|p2a: Snorlax|86/100|[from] item: Leftovers
|upkeep
|turn|4
|
|t:|1728345357
|move|p1a: Gengar|Destiny Bond|p1a: Gengar
|-singlemove|p1a: Gengar|Destiny Bond
|move|p2a: Snorlax|Shadow Ball|p1a: Gengar
|-supereffective|p1a: Gengar
|-damage|p1a: Gengar|10/100
|-unboost|p1a: Gengar|spd|1
|
|-heal|p1a: Gengar|16/100|[from] item: Leftovers
|-heal|p2a: Snorlax|92/100|[from] item: Leftovers
|upkeep
|turn|5
|inactive|marcelbruer has 270 seconds left.
|
|t:|1728345389
|move|p1a: Gengar|Will-O-Wisp|p2a: Snorlax
|-status|p2a: Snorlax|brn
|move|p2a: Snorlax|Shadow Ball|p1a: Gengar
|-supereffective|p1a: Gengar
|-damage|p1a: Gengar|0 fnt
|faint|p1a: Gengar
|
|t:|1728345405
|switch|p1a: Heracross|Heracross, F|100/100
|
|-heal|p2a: Snorlax|98/100 brn|[from] item: Leftovers
|-damage|p2a: Snorlax|86/100 brn|[from] brn
|upkeep
|turn|6
|inactive|marcelbruer has 270 seconds left.
|
|t:|1728345410
|switch|p2a: Salamence|Salamence, F|100/100
|-ability|p2a: Salamence|Intimidate|boost
|-unboost|p1a: Heracross|atk|1
|move|p1a: Heracross|Substitute|p1a: Heracross
|-start|p1a: Heracross|Substitute
|-damage|p1a: Heracross|76/100
|
|upkeep
|turn|7
|inactive|marcelbruer has 270 seconds left.
|
|t:|1728345429
|switch|p1a: Starmie|Starmie|100/100
|move|p2a: Salamence|Dragon Dance|p2a: Salamence
|-boost|p2a: Salamence|atk|1
|-boost|p2a: Salamence|spe|1
|
|upkeep
|turn|8
|inactive|marcelbruer has 270 seconds left.
|
|t:|1728345440
|switch|p2a: Snorlax|Snorlax, F|86/100 brn
|move|p1a: Starmie|Ice Beam|p2a: Snorlax
|-damage|p2a: Snorlax|68/100 brn
|
|-heal|p2a: Snorlax|74/100 brn|[from] item: Leftovers
|-damage|p2a: Snorlax|62/100 brn|[from] brn
|upkeep
|turn|9
|inactive|marcelbruer has 270 seconds left.
|inactive|Darksamer has 270 seconds left.
|
|t:|1728345478
|switch|p1a: Heracross|Heracross, F|76/100
|move|p2a: Snorlax|Self-Destruct|p1a: Heracross
|-damage|p1a: Heracross|0 fnt
|faint|p2a: Snorlax
|faint|p1a: Heracross
|inactive|Darksamer has 270 seconds left.
|
|t:|1728345487
|switch|p1a: Salamence|Salamence, F|100/100
|switch|p2a: Heracross|Heracross, M|100/100
|-ability|p1a: Salamence|Intimidate|boost
|-unboost|p2a: Heracross|atk|1
|
|upkeep
|turn|10
|
|t:|1728345498
|switch|p2a: Starmie|Starmie|100/100
|move|p1a: Salamence|Hidden Power|p2a: Starmie
|-damage|p2a: Starmie|35/100
|
|-heal|p2a: Starmie|41/100|[from] item: Leftovers
|upkeep
|turn|11
|
|t:|1728345527
|switch|p1a: Starmie|Starmie|100/100
|move|p2a: Starmie|Thunderbolt|p1a: Starmie
|-supereffective|p1a: Starmie
|-damage|p1a: Starmie|13/100
|
|-heal|p2a: Starmie|47/100|[from] item: Leftovers
|-heal|p1a: Starmie|19/100|[from] item: Leftovers
|upkeep
|turn|12
|inactive|marcelbruer has 240 seconds left.
|
|t:|1728345553
|switch|p2a: Metagross|Metagross|100/100
|move|p1a: Starmie|Thunderbolt|p2a: Metagross
|-damage|p2a: Metagross|72/100
|-status|p2a: Metagross|par
|
|-heal|p1a: Starmie|25/100|[from] item: Leftovers
|-heal|p2a: Metagross|78/100 par|[from] item: Leftovers
|upkeep
|turn|13
|
|t:|1728345564
|move|p1a: Starmie|Surf|p2a: Metagross
|-damage|p2a: Metagross|36/100 par
|move|p2a: Metagross|Meteor Mash|p1a: Starmie
|-resisted|p1a: Starmie
|-damage|p1a: Starmie|0 fnt
|faint|p1a: Starmie
|
|t:|1728345572
|switch|p1a: Zapdos|Zapdos|100/100
|
|-heal|p2a: Metagross|42/100 par|[from] item: Leftovers
|upkeep
|turn|14
|
|t:|1728345576
|move|p1a: Zapdos|Thunderbolt|p2a: Metagross
|-damage|p2a: Metagross|0 fnt
|faint|p2a: Metagross
|
|t:|1728345583
|switch|p2a: Salamence|Salamence, F|100/100
|-ability|p2a: Salamence|Intimidate|boost
|-unboost|p1a: Zapdos|atk|1
|
|upkeep
|turn|15
|
|t:|1728345590
|move|p1a: Zapdos|Thunderbolt|p2a: Salamence
|-damage|p2a: Salamence|43/100
|move|p2a: Salamence|Dragon Dance|p2a: Salamence
|-boost|p2a: Salamence|atk|1
|-boost|p2a: Salamence|spe|1
|
|-heal|p2a: Salamence|49/100|[from] item: Leftovers
|upkeep
|turn|16
|
|t:|1728345597
|move|p2a: Salamence|Rock Slide|p1a: Zapdos
|-supereffective|p1a: Zapdos
|-damage|p1a: Zapdos|0 fnt
|faint|p1a: Zapdos
|
|t:|1728345614
|switch|p1a: Salamence|Salamence, F|100/100
|-ability|p1a: Salamence|Intimidate|boost
|-unboost|p2a: Salamence|atk|1
|
|-heal|p2a: Salamence|56/100|[from] item: Leftovers
|upkeep
|turn|17
|
|t:|1728345631
|move|p2a: Salamence|Rock Slide|p1a: Salamence
|-supereffective|p1a: Salamence
|-damage|p1a: Salamence|29/100
|cant|p1a: Salamence|flinch
|
|-heal|p2a: Salamence|62/100|[from] item: Leftovers
|upkeep
|turn|18
|
|t:|1728345639
|move|p2a: Salamence|Hidden Power|p1a: Salamence
|-damage|p1a: Salamence|0 fnt
|faint|p1a: Salamence
|
|t:|1728345643
|switch|p1a: Slaking|Slaking, F|100/100
|
|-heal|p2a: Salamence|68/100|[from] item: Leftovers
|upkeep
|turn|19
|inactive|marcelbruer has 270 seconds left.
|c|☆Darksamer|gg
|
|t:|1728345652
|move|p2a: Salamence|Hidden Power|p1a: Slaking
|-damage|p1a: Slaking|68/100
|move|p1a: Slaking|Double-Edge|p2a: Salamence
|-damage|p2a: Salamence|0 fnt
|-damage|p1a: Slaking|50/100|[from] Recoil|[of] p2a: Salamence
|faint|p2a: Salamence
|inactive|marcelbruer has 270 seconds left.
|
|t:|1728345659
|switch|p2a: Heracross|Heracross, M|100/100
|
|upkeep
|turn|20
|c|☆marcelbruer|gg
|
|t:|1728345665
|-singleturn|p2a: Heracross|move: Focus Punch
|cant|p1a: Slaking|ability: Truant
|move|p2a: Heracross|Focus Punch|p1a: Slaking
|-supereffective|p1a: Slaking
|-damage|p1a: Slaking|0 fnt
|faint|p1a: Slaking
|
|win|marcelbruer

</script>
<script type="application/json" class="data" id="replaydata-smogtours-gen3ou-796287">
{"id":"smogtours-gen3ou-796287","format":"[Gen 3] OU","players":["Darksamer","marcelbruer"],"uploadtime":1728345665,"views":87,"formatid":"gen3ou","rating":null,"private":0,"password":null}
</script>

<script defer src="js/replays.js?9d40a366"></script>
