<!DOCTYPE html>
<meta charset="utf-8" />
<meta name="viewport" content="width=device-width" />

<title>[Gen 3] OU: GSC_Lover_Boy vs. WalterFartwelWhite - Replays - Pok&eacute;mon Showdown!</title>

<meta name="description" content="Watch a replay of a Pok&eacute;mon battle between GSC_Lover_Boy and WalterFartwelWhite! Format: [Gen 3] OU; Date: Oct 24, 2024" />
<!--

Hey, you! Looking in the source for the replay log?

You can find them in JSON format, just add `.json` at the end of a replay URL.

https://replay.pokemonshowdown.com/gen7randomdoublesbattle-865046831.json

Or, if you only need the log itself, add `.log` instead:

https://replay.pokemonshowdown.com/gen7randomdoublesbattle-865046831.log

-->

<link rel="stylesheet" href="//pokemonshowdown.com/style/global.css?0.023195364461161105" />
<link rel="stylesheet" href="//play.pokemonshowdown.com/style/font-awesome.css?0.13261647063804238" />
<link rel="stylesheet" href="//play.pokemonshowdown.com/style/battle.css?0.8753245789963631" />
<link rel="stylesheet" href="//play.pokemonshowdown.com/style/utilichart.css?0.8627959624976733" />

<!-- Global site tag (gtag.js) - Google Analytics -->
<script async src="https://www.googletagmanager.com/gtag/js?id=UA-26211653-1"></script>
<script>
  window.dataLayer = window.dataLayer || [];
  function gtag(){dataLayer.push(arguments);}
  gtag('js', new Date());

  gtag('config', 'UA-26211653-1');
</script>
<!-- End Google Analytics -->
<!-- Venatus Ad Manager - Install in <HEAD> of page -->
	<script src="https://hb.vntsm.com/v3/live/ad-manager.min.js" type="text/javascript" data-site-id="642aba63ec9a7b11c3c9c1be" data-mode="scan" async></script>
<!-- / Venatus Ad Manager -->

<style>
	@media (max-width:820px) {
		.battle {
			margin: 0 auto;
		}
		.battle-log {
			margin: 7px auto 0;
			max-width: 640px;
			height: 300px;
			position: static;
		}
	}
	.optgroup {
		display: inline-block;
		line-height: 22px;
		font-size: 10pt;
	}
	.optgroup .button {
		height: 25px;
		padding-top: 0;
		padding-bottom: 0;
	}
	.optgroup button.button {
		padding-left: 12px;
		padding-right: 12px;
	}
	.linklist {
		list-style: none;
		margin: 0.5em 0;
		padding: 0;
	}
	.linklist li {
		padding: 2px 0;
	}
	.sidebar {
		float: left;
		width: 320px;
	}
	.bar-wrapper {
		max-width: 1100px;
		margin: 0 auto;
	}
	.bar-wrapper.has-sidebar {
		max-width: 1430px;
	}
	.mainbar {
		margin: 0;
		padding-right: 1px;
	}
	.mainbar.has-sidebar {
		margin-left: 330px;
	}
	@media (min-width: 1511px) {
		.sidebar {
			width: 400px;
		}
		.bar-wrapper.has-sidebar {
			max-width: 1510px;
		}
		.mainbar.has-sidebar {
			margin-left: 410px;
		}
	}
	.section.first-section {
		margin-top: 9px;
	}
	.blocklink small {
		white-space: normal;
	}
	.button {
		vertical-align: middle;
	}
	.replay-controls {
		padding-top: 10px;
	}
	.replay-controls h1 {
		font-size: 16pt;
		font-weight: normal;
		color: #CCC;
	}
	.pagelink {
		text-align: center;
	}
	.pagelink a {
		width: 150px;
	}
	.textbox, .button {
		font-size: 11pt;
		vertical-align: middle;
	}
	@media (max-width: 450px) {
		.button {
			font-size: 9pt;
		}
	}
</style>

<div>

	<header>
		<div class="nav-wrapper"><ul class="nav">
			<li><a class="button nav-first" href="//pokemonshowdown.com/"><img src="//pokemonshowdown.com/images/pokemonshowdownbeta.png" srcset="//pokemonshowdown.com/images/pokemonshowdownbeta.png 1x, //pokemonshowdown.com/images/pokemonshowdownbeta@2x.png 2x" alt="Pok&eacute;mon Showdown" width="146" height="44" /> Home</a></li>
			<li><a class="button" href="//pokemonshowdown.com/dex/">Pok&eacute;dex</a></li>
			<li><a class="button cur" href="/">Replays</a></li>
			<li><a class="button" href="//pokemonshowdown.com/ladder/">Ladder</a></li>
			<li><a class="button nav-last" href="//pokemonshowdown.com/forums/">Forum</a></li>
			<li><a class="button greenbutton nav-first nav-last" href="//play.pokemonshowdown.com/">Play</a></li>
		</ul></div>
	</header>

	<div class="main" id="main">

		<noscript><section class="section">You need to enable JavaScript to use this page; sorry!</section></noscript>

	</div>

</div>

<script defer nomodule src="//play.pokemonshowdown.com/js/lib/ps-polyfill.js"></script>
<script defer src="//play.pokemonshowdown.com/js/lib/preact.min.js"></script>

<script defer src="//play.pokemonshowdown.com/config/config.js?2bddbc15"></script>
<script defer src="//play.pokemonshowdown.com/js/lib/jquery-1.11.0.min.js"></script>
<script defer src="//play.pokemonshowdown.com/js/lib/html-sanitizer-minified.js"></script>
<script defer src="//play.pokemonshowdown.com/js/battle-sound.js"></script>
<script defer src="//play.pokemonshowdown.com/js/battledata.js?0.7209276989879541"></script>
<script defer src="//play.pokemonshowdown.com/data/pokedex-mini.js?0.6111056340867951"></script>
<script defer src="//play.pokemonshowdown.com/data/pokedex-mini-bw.js?0.3532142036491459"></script>
<script defer src="//play.pokemonshowdown.com/data/graphics.js?0.24223875632456182"></script>
<script defer src="//play.pokemonshowdown.com/data/pokedex.js?0.38839984266356864"></script>
<script defer src="//play.pokemonshowdown.com/data/moves.js?0.21866028504024015"></script>
<script defer src="//play.pokemonshowdown.com/data/abilities.js?0.2005157953846628"></script>
<script defer src="//play.pokemonshowdown.com/data/items.js?0.9894211263848525"></script>
<script defer src="//play.pokemonshowdown.com/data/teambuilder-tables.js?0.6008791140282215"></script>
<script defer src="//play.pokemonshowdown.com/js/battle-tooltips.js?0.7580118955022959"></script>
<script defer src="//play.pokemonshowdown.com/js/battle.js?0.6057722274234274"></script>

<script defer src="js/utils.js?e31f9a17"></script>
<script defer src="js/replays-battle.js?7008c182"></script>

<!-- don't scrape this data! just add .json or .log after the URL!
Full API docs: https://github.com/smogon/pokemon-showdown-client/blob/master/WEB-API.md -->
<script type="text/plain" class="log" id="replaylog-smogtours-gen3ou-801522">
|inactive|Battle timer is ON: inactive players will automatically lose when time's up.
|t:|1729746904
|gametype|singles
|player|p1|GSC_Lover_Boy|101|
|player|p2|WalterFartwelWhite|blaine|
|teamsize|p1|6
|teamsize|p2|6
|gen|3
|tier|[Gen 3] OU
|rule|Sleep Clause Mod: Limit one foe put to sleep
|rule|Switch Priority Clause Mod: Faster Pokémon switch first
|rule|Species Clause: Limit one of each Pokémon
|rule|OHKO Clause: OHKO moves are banned
|rule|Evasion Items Clause: Evasion items are banned
|rule|Evasion Moves Clause: Evasion moves are banned
|rule|Endless Battle Clause: Forcing endless battles is banned
|rule|HP Percentage Mod: HP is shown in percentages
|rule|One Boost Passer Clause: Limit one Baton Passer that has a way to boost its stats
|rule|Freeze Clause Mod: Limit one foe frozen
|
|t:|1729746904
|start
|switch|p1a: Metagross|Metagross|100/100
|switch|p2a: Raikou|Raikou|100/100
|turn|1
|c|☆WalterFartwelWhite|gl
|inactive|GSC_Lover_Boy has 270 seconds left.
|c|☆GSC_Lover_Boy|you too, and have fun!
|
|t:|1729746950
|move|p2a: Raikou|Substitute|p2a: Raikou
|-start|p2a: Raikou|Substitute
|-damage|p2a: Raikou|76/100
|move|p1a: Metagross|Hidden Power|p2a: Raikou
|-end|p2a: Raikou|Substitute
|
|-heal|p2a: Raikou|82/100|[from] item: Leftovers
|upkeep
|turn|2
|
|t:|1729746969
|move|p2a: Raikou|Calm Mind|p2a: Raikou
|-boost|p2a: Raikou|spa|1
|-boost|p2a: Raikou|spd|1
|move|p1a: Metagross|Earthquake|p2a: Raikou
|-supereffective|p2a: Raikou
|-damage|p2a: Raikou|0 fnt
|faint|p2a: Raikou
|
|t:|1729746976
|switch|p2a: Zapdos|Zapdos|100/100
|
|upkeep
|turn|3
|
|t:|1729746999
|switch|p2a: Metagross|Metagross|100/100
|switch|p1a: Snorlax|Snorlax, M|100/100
|
|upkeep
|turn|4
|inactive|WalterFartwelWhite has 270 seconds left.
|
|t:|1729747022
|move|p2a: Metagross|Meteor Mash|p1a: Snorlax
|-damage|p1a: Snorlax|42/100
|-boost|p2a: Metagross|atk|1
|move|p1a: Snorlax|Earthquake|p2a: Metagross
|-supereffective|p2a: Metagross
|-damage|p2a: Metagross|48/100
|
|-heal|p2a: Metagross|54/100|[from] item: Leftovers
|-heal|p1a: Snorlax|48/100|[from] item: Leftovers
|upkeep
|turn|5
|inactive|GSC_Lover_Boy has 270 seconds left.
|inactive|WalterFartwelWhite has 270 seconds left.
|
|t:|1729747054
|switch|p1a: Magneton|Magneton|100/100
|move|p2a: Metagross|Earthquake|p1a: Magneton
|-supereffective|p1a: Magneton
|-damage|p1a: Magneton|0 fnt
|faint|p1a: Magneton
|inactive|GSC_Lover_Boy has 270 seconds left.
|inactive|GSC_Lover_Boy has 240 seconds left.
|inactive|GSC_Lover_Boy has 210 seconds left.
|
|t:|1729747133
|switch|p1a: Heracross|Heracross, F|100/100
|
|-heal|p2a: Metagross|60/100|[from] item: Leftovers
|upkeep
|turn|6
|inactive|WalterFartwelWhite has 270 seconds left.
|
|t:|1729747149
|move|p1a: Heracross|Substitute|p1a: Heracross
|-start|p1a: Heracross|Substitute
|-damage|p1a: Heracross|76/100
|move|p2a: Metagross|Meteor Mash|p1a: Heracross
|-crit|p1a: Heracross
|-end|p1a: Heracross|Substitute
|-boost|p2a: Metagross|atk|1
|
|-heal|p2a: Metagross|66/100|[from] item: Leftovers
|upkeep
|turn|7
|inactive|WalterFartwelWhite has 240 seconds left.
|inactive|WalterFartwelWhite has 210 seconds left.
|
|t:|1729747221
|switch|p2a: Zapdos|Zapdos|100/100
|move|p1a: Heracross|Substitute|p1a: Heracross
|-start|p1a: Heracross|Substitute
|-damage|p1a: Heracross|51/100
|
|upkeep
|turn|8
|inactive|GSC_Lover_Boy has 210 seconds left.
|
|t:|1729747241
|move|p2a: Zapdos|Agility|p2a: Zapdos
|-boost|p2a: Zapdos|spe|2
|move|p1a: Heracross|Hidden Power|p2a: Zapdos
|-supereffective|p2a: Zapdos
|-damage|p2a: Zapdos|40/100
|
|-heal|p2a: Zapdos|47/100|[from] item: Leftovers
|upkeep
|turn|9
|inactive|WalterFartwelWhite has 210 seconds left.
|inactive|GSC_Lover_Boy has 210 seconds left.
|
|t:|1729747256
|move|p2a: Zapdos|Baton Pass|p2a: Zapdos
|
|t:|1729747258
|switch|p2a: Jirachi|Jirachi|100/100|[from] Baton Pass
|move|p1a: Heracross|Hidden Power|p2a: Jirachi
|-resisted|p2a: Jirachi
|-damage|p2a: Jirachi|90/100
|
|-heal|p2a: Jirachi|96/100|[from] item: Leftovers
|upkeep
|turn|10
|inactive|GSC_Lover_Boy has 210 seconds left.
|
|t:|1729747272
|move|p2a: Jirachi|Fire Punch|p1a: Heracross
|-supereffective|p1a: Heracross
|-end|p1a: Heracross|Substitute
|move|p1a: Heracross|Megahorn|p2a: Jirachi
|-damage|p2a: Jirachi|37/100
|
|-heal|p2a: Jirachi|44/100|[from] item: Leftovers
|upkeep
|turn|11
|inactive|GSC_Lover_Boy has 210 seconds left.
|inactive|WalterFartwelWhite has 210 seconds left.
|
|t:|1729747295
|switch|p1a: Snorlax|Snorlax, M|48/100
|move|p2a: Jirachi|Fire Punch|p1a: Snorlax
|-damage|p1a: Snorlax|36/100
|
|-heal|p2a: Jirachi|50/100|[from] item: Leftovers
|-heal|p1a: Snorlax|42/100|[from] item: Leftovers
|upkeep
|turn|12
|inactive|WalterFartwelWhite has 210 seconds left.
|
|t:|1729747313
|switch|p2a: Zapdos|Zapdos|47/100
|move|p1a: Snorlax|Earthquake|p2a: Zapdos
|-immune|p2a: Zapdos
|
|-heal|p2a: Zapdos|53/100|[from] item: Leftovers
|-heal|p1a: Snorlax|49/100|[from] item: Leftovers
|upkeep
|turn|13
|
|t:|1729747322
|move|p2a: Zapdos|Baton Pass|p2a: Zapdos
|
|t:|1729747323
|switch|p2a: Metagross|Metagross|66/100|[from] Baton Pass
|move|p1a: Snorlax|Body Slam|p2a: Metagross
|-resisted|p2a: Metagross
|-crit|p2a: Metagross
|-damage|p2a: Metagross|32/100
|
|-heal|p2a: Metagross|38/100|[from] item: Leftovers
|-heal|p1a: Snorlax|55/100|[from] item: Leftovers
|upkeep
|turn|14
|inactive|GSC_Lover_Boy has 210 seconds left.
|inactive|WalterFartwelWhite has 210 seconds left.
|inactive|GSC_Lover_Boy has 180 seconds left.
|
|t:|1729747382
|switch|p1a: Celebi|Celebi|100/100
|move|p2a: Metagross|Meteor Mash|p1a: Celebi
|-crit|p1a: Celebi
|-damage|p1a: Celebi|0 fnt
|faint|p1a: Celebi
|inactive|GSC_Lover_Boy has 180 seconds left.
|c|☆WalterFartwelWhite|sorry
|
|t:|1729747392
|switch|p1a: Metagross|Metagross|100/100
|
|-heal|p2a: Metagross|44/100|[from] item: Leftovers
|upkeep
|turn|15
|
|t:|1729747399
|move|p2a: Metagross|Protect|p2a: Metagross
|-singleturn|p2a: Metagross|Protect
|move|p1a: Metagross|Earthquake|p2a: Metagross
|-activate|p2a: Metagross|Protect
|
|-heal|p2a: Metagross|50/100|[from] item: Leftovers
|upkeep
|turn|16
|
|t:|1729747407
|switch|p2a: Porygon2|Porygon2|100/100
|-ability|p2a: Porygon2|Clear Body|[from] ability: Trace|[of] p1a: Metagross
|move|p1a: Metagross|Earthquake|p2a: Porygon2
|-damage|p2a: Porygon2|72/100
|
|-heal|p2a: Porygon2|79/100|[from] item: Leftovers
|upkeep
|turn|17
|
|t:|1729747428
|switch|p1a: Snorlax|Snorlax, M|55/100
|move|p2a: Porygon2|Thunderbolt|p1a: Snorlax
|-damage|p1a: Snorlax|40/100
|
|-heal|p2a: Porygon2|85/100|[from] item: Leftovers
|-heal|p1a: Snorlax|46/100|[from] item: Leftovers
|upkeep
|turn|18
|
|t:|1729747440
|move|p2a: Porygon2|Thunderbolt|p1a: Snorlax
|-crit|p1a: Snorlax
|-damage|p1a: Snorlax|18/100
|move|p1a: Snorlax|Body Slam|p2a: Porygon2
|-damage|p2a: Porygon2|55/100
|
|-heal|p2a: Porygon2|61/100|[from] item: Leftovers
|-heal|p1a: Snorlax|24/100|[from] item: Leftovers
|upkeep
|turn|19
|
|t:|1729747450
|move|p2a: Porygon2|Ice Beam|p1a: Snorlax
|-damage|p1a: Snorlax|11/100
|move|p1a: Snorlax|Body Slam|p2a: Porygon2
|-damage|p2a: Porygon2|27/100
|
|-heal|p2a: Porygon2|33/100|[from] item: Leftovers
|-heal|p1a: Snorlax|17/100|[from] item: Leftovers
|upkeep
|turn|20
|
|t:|1729747459
|move|p2a: Porygon2|Recover|p2a: Porygon2
|-heal|p2a: Porygon2|83/100
|move|p1a: Snorlax|Body Slam|p2a: Porygon2
|-damage|p2a: Porygon2|52/100
|
|-heal|p2a: Porygon2|59/100|[from] item: Leftovers
|-heal|p1a: Snorlax|23/100|[from] item: Leftovers
|upkeep
|turn|21
|
|t:|1729747467
|move|p2a: Porygon2|Ice Beam|p1a: Snorlax
|-crit|p1a: Snorlax
|-damage|p1a: Snorlax|0 fnt
|faint|p1a: Snorlax
|inactive|GSC_Lover_Boy has 180 seconds left.
|
|t:|1729747500
|switch|p1a: Heracross|Heracross, F|51/100
|
|-heal|p2a: Porygon2|65/100|[from] item: Leftovers
|upkeep
|turn|22
|inactive|WalterFartwelWhite has 240 seconds left.
|inactive|WalterFartwelWhite has 210 seconds left.
|
|t:|1729747562
|switch|p2a: Metagross|Metagross|50/100
|move|p1a: Heracross|Substitute|p1a: Heracross
|-start|p1a: Heracross|Substitute
|-damage|p1a: Heracross|26/100
|
|-heal|p2a: Metagross|56/100|[from] item: Leftovers
|upkeep
|turn|23
|inactive|WalterFartwelWhite has 210 seconds left.
|
|t:|1729747577
|move|p2a: Metagross|Protect|p2a: Metagross
|-singleturn|p2a: Metagross|Protect
|move|p1a: Heracross|Megahorn|p2a: Metagross
|-activate|p2a: Metagross|Protect
|
|-heal|p2a: Metagross|62/100|[from] item: Leftovers
|upkeep
|turn|24
|inactive|WalterFartwelWhite has 210 seconds left.
|
|t:|1729747603
|switch|p2a: Porygon2|Porygon2|65/100
|-ability|p2a: Porygon2|Swarm|[from] ability: Trace|[of] p1a: Heracross
|move|p1a: Heracross|Megahorn|p2a: Porygon2
|-damage|p2a: Porygon2|0 fnt
|faint|p2a: Porygon2
|inactive|WalterFartwelWhite has 180 seconds left.
|inactive|WalterFartwelWhite has 150 seconds left.
|
|t:|1729747670
|switch|p2a: Metagross|Metagross|62/100
|
|-heal|p2a: Metagross|68/100|[from] item: Leftovers
|upkeep
|turn|25
|
|t:|1729747682
|move|p2a: Metagross|Protect|p2a: Metagross
|-singleturn|p2a: Metagross|Protect
|move|p1a: Heracross|Swords Dance|p1a: Heracross
|-boost|p1a: Heracross|atk|2
|
|-heal|p2a: Metagross|74/100|[from] item: Leftovers
|upkeep
|turn|26
|inactive|WalterFartwelWhite has 150 seconds left.
|
|t:|1729747693
|move|p1a: Heracross|Megahorn|p2a: Metagross
|-damage|p2a: Metagross|0 fnt
|faint|p2a: Metagross
|
|t:|1729747694
|switch|p2a: Zapdos|Zapdos|53/100
|
|-heal|p2a: Zapdos|59/100|[from] item: Leftovers
|upkeep
|turn|27
|inactive|GSC_Lover_Boy has 210 seconds left.
|
|t:|1729747700
|move|p2a: Zapdos|Thunderbolt|p1a: Heracross
|-end|p1a: Heracross|Substitute
|move|p1a: Heracross|Hidden Power|p2a: Zapdos
|-supereffective|p2a: Zapdos
|-damage|p2a: Zapdos|0 fnt
|faint|p2a: Zapdos
|
|t:|1729747703
|switch|p2a: Dugtrio|Dugtrio, F|100/100
|
|upkeep
|turn|28
|
|t:|1729747711
|move|p2a: Dugtrio|Aerial Ace|p1a: Heracross
|-supereffective|p1a: Heracross
|-damage|p1a: Heracross|0 fnt
|faint|p1a: Heracross
|
|t:|1729747722
|switch|p1a: Metagross|Metagross|100/100
|
|upkeep
|turn|29
|
|t:|1729747725
|switch|p2a: Jirachi|Jirachi|50/100
|move|p1a: Metagross|Earthquake|p2a: Jirachi
|-supereffective|p2a: Jirachi
|-damage|p2a: Jirachi|0 fnt
|faint|p2a: Jirachi
|
|t:|1729747727
|switch|p2a: Dugtrio|Dugtrio, F|100/100
|
|upkeep
|turn|30
|
|t:|1729747733
|move|p2a: Dugtrio|Earthquake|p1a: Metagross
|-supereffective|p1a: Metagross
|-damage|p1a: Metagross|0 fnt
|faint|p1a: Metagross
|
|t:|1729747740
|switch|p1a: Kingdra|Kingdra, M|100/100
|
|upkeep
|turn|31
|
|t:|1729747743
|move|p2a: Dugtrio|Earthquake|p1a: Kingdra
|-damage|p1a: Kingdra|38/100
|move|p1a: Kingdra|Surf|p2a: Dugtrio
|-supereffective|p2a: Dugtrio
|-damage|p2a: Dugtrio|0 fnt
|faint|p2a: Dugtrio
|
|win|GSC_Lover_Boy
|c|☆GSC_Lover_Boy|gg
|c|☆WalterFartwelWhite|gg
|player|p2|
|player|p2|WalterFartwelWhite|blaine|

</script>
<script type="application/json" class="data" id="replaydata-smogtours-gen3ou-801522">
{"id":"smogtours-gen3ou-801522","format":"[Gen 3] OU","players":["GSC_Lover_Boy","WalterFartwelWhite"],"uploadtime":1729747743,"views":87,"formatid":"gen3ou","rating":null,"private":0,"password":null}
</script>

<script defer src="js/replays.js?9d40a366"></script>
