<!DOCTYPE html>
<meta charset="utf-8" />
<meta name="viewport" content="width=device-width" />

<title>[Gen 3] OU: almarkowbender vs. Zpanther - Replays - Pok&eacute;mon Showdown!</title>

<meta name="description" content="Watch a replay of a Pok&eacute;mon battle between almarkowbender and Zpanther! Format: [Gen 3] OU; Date: Oct 18, 2024" />
<!--

Hey, you! Looking in the source for the replay log?

You can find them in JSON format, just add `.json` at the end of a replay URL.

https://replay.pokemonshowdown.com/gen7randomdoublesbattle-865046831.json

Or, if you only need the log itself, add `.log` instead:

https://replay.pokemonshowdown.com/gen7randomdoublesbattle-865046831.log

-->

<link rel="stylesheet" href="//pokemonshowdown.com/style/global.css?0.023195364461161105" />
<link rel="stylesheet" href="//play.pokemonshowdown.com/style/font-awesome.css?0.13261647063804238" />
<link rel="stylesheet" href="//play.pokemonshowdown.com/style/battle.css?0.8753245789963631" />
<link rel="stylesheet" href="//play.pokemonshowdown.com/style/utilichart.css?0.8627959624976733" />

<!-- Global site tag (gtag.js) - Google Analytics -->
<script async src="https://www.googletagmanager.com/gtag/js?id=UA-26211653-1"></script>
<script>
  window.dataLayer = window.dataLayer || [];
  function gtag(){dataLayer.push(arguments);}
  gtag('js', new Date());

  gtag('config', 'UA-26211653-1');
</script>
<!-- End Google Analytics -->
<!-- Venatus Ad Manager - Install in <HEAD> of page -->
	<script src="https://hb.vntsm.com/v3/live/ad-manager.min.js" type="text/javascript" data-site-id="642aba63ec9a7b11c3c9c1be" data-mode="scan" async></script>
<!-- / Venatus Ad Manager -->

<style>
	@media (max-width:820px) {
		.battle {
			margin: 0 auto;
		}
		.battle-log {
			margin: 7px auto 0;
			max-width: 640px;
			height: 300px;
			position: static;
		}
	}
	.optgroup {
		display: inline-block;
		line-height: 22px;
		font-size: 10pt;
	}
	.optgroup .button {
		height: 25px;
		padding-top: 0;
		padding-bottom: 0;
	}
	.optgroup button.button {
		padding-left: 12px;
		padding-right: 12px;
	}
	.linklist {
		list-style: none;
		margin: 0.5em 0;
		padding: 0;
	}
	.linklist li {
		padding: 2px 0;
	}
	.sidebar {
		float: left;
		width: 320px;
	}
	.bar-wrapper {
		max-width: 1100px;
		margin: 0 auto;
	}
	.bar-wrapper.has-sidebar {
		max-width: 1430px;
	}
	.mainbar {
		margin: 0;
		padding-right: 1px;
	}
	.mainbar.has-sidebar {
		margin-left: 330px;
	}
	@media (min-width: 1511px) {
		.sidebar {
			width: 400px;
		}
		.bar-wrapper.has-sidebar {
			max-width: 1510px;
		}
		.mainbar.has-sidebar {
			margin-left: 410px;
		}
	}
	.section.first-section {
		margin-top: 9px;
	}
	.blocklink small {
		white-space: normal;
	}
	.button {
		vertical-align: middle;
	}
	.replay-controls {
		padding-top: 10px;
	}
	.replay-controls h1 {
		font-size: 16pt;
		font-weight: normal;
		color: #CCC;
	}
	.pagelink {
		text-align: center;
	}
	.pagelink a {
		width: 150px;
	}
	.textbox, .button {
		font-size: 11pt;
		vertical-align: middle;
	}
	@media (max-width: 450px) {
		.button {
			font-size: 9pt;
		}
	}
</style>

<div>

	<header>
		<div class="nav-wrapper"><ul class="nav">
			<li><a class="button nav-first" href="//pokemonshowdown.com/"><img src="//pokemonshowdown.com/images/pokemonshowdownbeta.png" srcset="//pokemonshowdown.com/images/pokemonshowdownbeta.png 1x, //pokemonshowdown.com/images/pokemonshowdownbeta@2x.png 2x" alt="Pok&eacute;mon Showdown" width="146" height="44" /> Home</a></li>
			<li><a class="button" href="//pokemonshowdown.com/dex/">Pok&eacute;dex</a></li>
			<li><a class="button cur" href="/">Replays</a></li>
			<li><a class="button" href="//pokemonshowdown.com/ladder/">Ladder</a></li>
			<li><a class="button nav-last" href="//pokemonshowdown.com/forums/">Forum</a></li>
			<li><a class="button greenbutton nav-first nav-last" href="//play.pokemonshowdown.com/">Play</a></li>
		</ul></div>
	</header>

	<div class="main" id="main">

		<noscript><section class="section">You need to enable JavaScript to use this page; sorry!</section></noscript>

	</div>

</div>

<script defer nomodule src="//play.pokemonshowdown.com/js/lib/ps-polyfill.js"></script>
<script defer src="//play.pokemonshowdown.com/js/lib/preact.min.js"></script>

<script defer src="//play.pokemonshowdown.com/config/config.js?2bddbc15"></script>
<script defer src="//play.pokemonshowdown.com/js/lib/jquery-1.11.0.min.js"></script>
<script defer src="//play.pokemonshowdown.com/js/lib/html-sanitizer-minified.js"></script>
<script defer src="//play.pokemonshowdown.com/js/battle-sound.js"></script>
<script defer src="//play.pokemonshowdown.com/js/battledata.js?0.7209276989879541"></script>
<script defer src="//play.pokemonshowdown.com/data/pokedex-mini.js?0.6111056340867951"></script>
<script defer src="//play.pokemonshowdown.com/data/pokedex-mini-bw.js?0.3532142036491459"></script>
<script defer src="//play.pokemonshowdown.com/data/graphics.js?0.24223875632456182"></script>
<script defer src="//play.pokemonshowdown.com/data/pokedex.js?0.38839984266356864"></script>
<script defer src="//play.pokemonshowdown.com/data/moves.js?0.21866028504024015"></script>
<script defer src="//play.pokemonshowdown.com/data/abilities.js?0.2005157953846628"></script>
<script defer src="//play.pokemonshowdown.com/data/items.js?0.9894211263848525"></script>
<script defer src="//play.pokemonshowdown.com/data/teambuilder-tables.js?0.6008791140282215"></script>
<script defer src="//play.pokemonshowdown.com/js/battle-tooltips.js?0.7580118955022959"></script>
<script defer src="//play.pokemonshowdown.com/js/battle.js?0.6057722274234274"></script>

<script defer src="js/utils.js?e31f9a17"></script>
<script defer src="js/replays-battle.js?7008c182"></script>

<!-- don't scrape this data! just add .json or .log after the URL!
Full API docs: https://github.com/smogon/pokemon-showdown-client/blob/master/WEB-API.md -->
<script type="text/plain" class="log" id="replaylog-smogtours-gen3ou-799442">
|inactive|Battle timer is ON: inactive players will automatically lose when time's up.
|t:|1729212533
|gametype|singles
|player|p1|almarkowbender|170|
|player|p2|Zpanther|rose-zerosuit|
|teamsize|p1|6
|teamsize|p2|6
|gen|3
|tier|[Gen 3] OU
|rule|Sleep Clause Mod: Limit one foe put to sleep
|rule|Switch Priority Clause Mod: Faster Pokémon switch first
|rule|Species Clause: Limit one of each Pokémon
|rule|OHKO Clause: OHKO moves are banned
|rule|Evasion Items Clause: Evasion items are banned
|rule|Evasion Moves Clause: Evasion moves are banned
|rule|Endless Battle Clause: Forcing endless battles is banned
|rule|HP Percentage Mod: HP is shown in percentages
|rule|One Boost Passer Clause: Limit one Baton Passer that has a way to boost its stats
|rule|Freeze Clause Mod: Limit one foe frozen
|
|t:|1729212533
|start
|switch|p1a: Computer|Metagross|100/100
|switch|p2a: Metagross|Metagross|100/100
|turn|1
|c|☆Zpanther|hf
|c|☆almarkowbender|u 2
|inactive|Zpanther has 270 seconds left.
|
|t:|1729212585
|switch|p1a: Celebi|Celebi|100/100
|switch|p2a: Suicune|Suicune|100/100
|
|upkeep
|turn|2
|
|t:|1729212590
|switch|p2a: Salamence|Salamence, F|100/100
|-ability|p2a: Salamence|Intimidate|boost
|-unboost|p1a: Celebi|atk|1
|move|p1a: Celebi|Leech Seed|p2a: Salamence
|-start|p2a: Salamence|move: Leech Seed
|
|-damage|p2a: Salamence|88/100|[from] Leech Seed|[of] p1a: Celebi
|upkeep
|turn|3
|
|t:|1729212602
|switch|p1a: Computer|Metagross|100/100
|move|p2a: Salamence|Fire Blast|p1a: Computer
|-supereffective|p1a: Computer
|-damage|p1a: Computer|7/100
|
|-heal|p2a: Salamence|94/100|[from] item: Leftovers
|-damage|p2a: Salamence|82/100|[from] Leech Seed|[of] p1a: Computer
|-heal|p1a: Computer|21/100|[silent]
|upkeep
|turn|4
|inactive|almarkowbender has 270 seconds left.
|
|t:|1729212642
|switch|p1a: Gyarados|Gyarados, M|100/100
|-ability|p1a: Gyarados|Intimidate|boost
|-unboost|p2a: Salamence|atk|1
|move|p2a: Salamence|Fire Blast|p1a: Gyarados
|-resisted|p1a: Gyarados
|-damage|p1a: Gyarados|81/100
|
|-heal|p2a: Salamence|88/100|[from] item: Leftovers
|-damage|p2a: Salamence|75/100|[from] Leech Seed|[of] p1a: Gyarados
|-heal|p1a: Gyarados|93/100|[silent]
|-heal|p1a: Gyarados|99/100|[from] item: Leftovers
|upkeep
|turn|5
|
|t:|1729212656
|switch|p2a: Metagross|Metagross|100/100
|move|p1a: Gyarados|Hidden Power|p2a: Metagross
|-resisted|p2a: Metagross
|-damage|p2a: Metagross|87/100
|
|-heal|p1a: Gyarados|100/100|[from] item: Leftovers
|-heal|p2a: Metagross|94/100|[from] item: Leftovers
|upkeep
|turn|6
|
|t:|1729212660
|move|p1a: Gyarados|Earthquake|p2a: Metagross
|-supereffective|p2a: Metagross
|-damage|p2a: Metagross|36/100
|move|p2a: Metagross|Thunder Punch|p1a: Gyarados
|-supereffective|p1a: Gyarados
|-damage|p1a: Gyarados|7/100
|
|-heal|p1a: Gyarados|13/100|[from] item: Leftovers
|-heal|p2a: Metagross|42/100|[from] item: Leftovers
|upkeep
|turn|7
|
|t:|1729212669
|switch|p2a: Claydol|Claydol|100/100
|move|p1a: Gyarados|Earthquake|p2a: Claydol
|-immune|p2a: Claydol
|
|-heal|p1a: Gyarados|19/100|[from] item: Leftovers
|upkeep
|turn|8
|
|t:|1729212680
|switch|p1a: Celebi|Celebi|100/100
|move|p2a: Claydol|Psychic|p1a: Celebi
|-resisted|p1a: Celebi
|-damage|p1a: Celebi|91/100
|
|-heal|p1a: Celebi|97/100|[from] item: Leftovers
|upkeep
|turn|9
|
|t:|1729212685
|move|p1a: Celebi|Substitute|p1a: Celebi
|-start|p1a: Celebi|Substitute
|-damage|p1a: Celebi|72/100
|move|p2a: Claydol|Explosion|p1a: Celebi
|-end|p1a: Celebi|Substitute
|faint|p2a: Claydol
|
|t:|1729212689
|switch|p2a: Salamence|Salamence, F|75/100
|-ability|p2a: Salamence|Intimidate|boost
|-unboost|p1a: Celebi|atk|1
|
|-heal|p2a: Salamence|81/100|[from] item: Leftovers
|-heal|p1a: Celebi|78/100|[from] item: Leftovers
|upkeep
|turn|10
|inactive|almarkowbender has 270 seconds left.
|
|t:|1729212739
|switch|p1a: Gyarados|Gyarados, M|19/100
|-ability|p1a: Gyarados|Intimidate|boost
|-unboost|p2a: Salamence|atk|1
|move|p2a: Salamence|Fire Blast|p1a: Gyarados
|-resisted|p1a: Gyarados
|-damage|p1a: Gyarados|0 fnt
|faint|p1a: Gyarados
|
|t:|1729212740
|switch|p1a: Terror|Tyranitar, F|100/100
|-weather|Sandstorm|[from] ability: Sand Stream|[of] p1a: Terror
|
|-weather|Sandstorm|[upkeep]
|-damage|p2a: Salamence|75/100|[from] Sandstorm
|-heal|p2a: Salamence|81/100|[from] item: Leftovers
|upkeep
|turn|11
|
|t:|1729212757
|move|p2a: Salamence|Brick Break|p1a: Terror
|-supereffective|p1a: Terror
|-damage|p1a: Terror|42/100
|move|p1a: Terror|Rock Slide|p2a: Salamence
|-supereffective|p2a: Salamence
|-damage|p2a: Salamence|0 fnt
|faint|p2a: Salamence
|
|t:|1729212761
|switch|p2a: Heracross|Heracross, M|100/100
|
|-weather|Sandstorm|[upkeep]
|-damage|p2a: Heracross|95/100|[from] Sandstorm
|upkeep
|turn|12
|inactive|almarkowbender has 270 seconds left.
|
|t:|1729212770
|switch|p1a: Computer|Metagross|21/100
|move|p2a: Heracross|Megahorn|p1a: Computer
|-damage|p1a: Computer|0 fnt
|faint|p1a: Computer
|
|t:|1729212772
|switch|p1a: Salamence|Salamence, M|100/100
|-ability|p1a: Salamence|Intimidate|boost
|-unboost|p2a: Heracross|atk|1
|
|-weather|Sandstorm|[upkeep]
|-damage|p2a: Heracross|89/100|[from] Sandstorm
|-damage|p1a: Salamence|94/100|[from] Sandstorm
|-heal|p1a: Salamence|100/100|[from] item: Leftovers
|upkeep
|turn|13
|
|t:|1729212783
|switch|p2a: Suicune|Suicune|100/100
|move|p1a: Salamence|Hidden Power|p2a: Suicune
|-damage|p2a: Suicune|72/100
|
|-weather|Sandstorm|[upkeep]
|-damage|p1a: Salamence|94/100|[from] Sandstorm
|-damage|p2a: Suicune|66/100|[from] Sandstorm
|-heal|p1a: Salamence|100/100|[from] item: Leftovers
|-heal|p2a: Suicune|72/100|[from] item: Leftovers
|upkeep
|turn|14
|inactive|almarkowbender has 270 seconds left.
|inactive|Zpanther has 270 seconds left.
|
|t:|1729212839
|switch|p1a: Celebi|Celebi|78/100
|switch|p2a: Heracross|Heracross, M|89/100
|
|-weather|Sandstorm|[upkeep]
|-damage|p1a: Celebi|72/100|[from] Sandstorm
|-damage|p2a: Heracross|83/100|[from] Sandstorm
|-heal|p1a: Celebi|78/100|[from] item: Leftovers
|upkeep
|turn|15
|
|t:|1729212841
|move|p1a: Celebi|Psychic|p2a: Heracross
|-supereffective|p2a: Heracross
|-damage|p2a: Heracross|7/100
|move|p2a: Heracross|Megahorn|p1a: Celebi
|-supereffective|p1a: Celebi
|-damage|p1a: Celebi|0 fnt
|faint|p1a: Celebi
|
|t:|1729212857
|switch|p1a: Superconductor|Magneton|100/100
|
|-weather|Sandstorm|[upkeep]
|-damage|p2a: Heracross|1/100|[from] Sandstorm
|upkeep
|turn|16
|
|t:|1729212860
|move|p1a: Superconductor|Endure|p1a: Superconductor
|-singleturn|p1a: Superconductor|move: Endure
|move|p2a: Heracross|Megahorn|p1a: Superconductor
|-resisted|p1a: Superconductor
|-damage|p1a: Superconductor|21/100
|
|-weather|Sandstorm|[upkeep]
|-damage|p2a: Heracross|0 fnt|[from] Sandstorm
|faint|p2a: Heracross
|-enditem|p1a: Superconductor|Salac Berry|[eat]
|-boost|p1a: Superconductor|spe|1|[from] item: Salac Berry
|upkeep
|
|t:|1729212865
|switch|p2a: Snorlax|Snorlax, M|100/100
|turn|17
|
|t:|1729212867
|move|p1a: Superconductor|Thunderbolt|p2a: Snorlax
|-damage|p2a: Snorlax|73/100
|move|p2a: Snorlax|Body Slam|p1a: Superconductor
|-resisted|p1a: Superconductor
|-damage|p1a: Superconductor|0 fnt
|faint|p1a: Superconductor
|
|t:|1729212871
|switch|p1a: Terror|Tyranitar, F|42/100
|
|-weather|Sandstorm|[upkeep]
|-damage|p2a: Snorlax|67/100|[from] Sandstorm
|-heal|p2a: Snorlax|73/100|[from] item: Leftovers
|upkeep
|turn|18
|inactive|almarkowbender has 270 seconds left.
|inactive|Zpanther has 270 seconds left.
|inactive|Zpanther has 240 seconds left.
|
|t:|1729212945
|-singleturn|p2a: Snorlax|move: Focus Punch
|move|p1a: Terror|Rock Slide|p2a: Snorlax
|-damage|p2a: Snorlax|37/100
|move|p2a: Snorlax|Focus Punch||[still]
|cant|p2a: Snorlax|Focus Punch|Focus Punch
|
|-weather|Sandstorm|[upkeep]
|-damage|p2a: Snorlax|31/100|[from] Sandstorm
|-heal|p2a: Snorlax|37/100|[from] item: Leftovers
|upkeep
|turn|19
|inactive|almarkowbender has 240 seconds left.
|
|t:|1729212983
|move|p1a: Terror|Earthquake|p2a: Snorlax
|-damage|p2a: Snorlax|8/100
|move|p2a: Snorlax|Self-Destruct|p1a: Terror
|-resisted|p1a: Terror
|-damage|p1a: Terror|0 fnt
|faint|p2a: Snorlax
|faint|p1a: Terror
|
|t:|1729212992
|switch|p1a: Salamence|Salamence, M|100/100
|switch|p2a: Suicune|Suicune|72/100
|-ability|p1a: Salamence|Intimidate|boost
|-unboost|p2a: Suicune|atk|1
|
|-weather|Sandstorm|[upkeep]
|-damage|p1a: Salamence|94/100|[from] Sandstorm
|-damage|p2a: Suicune|66/100|[from] Sandstorm
|-heal|p1a: Salamence|100/100|[from] item: Leftovers
|-heal|p2a: Suicune|72/100|[from] item: Leftovers
|upkeep
|turn|20
|inactive|almarkowbender has 240 seconds left.
|
|t:|1729213023
|move|p1a: Salamence|Dragon Dance|p1a: Salamence
|-boost|p1a: Salamence|atk|1
|-boost|p1a: Salamence|spe|1
|move|p2a: Suicune|Calm Mind|p2a: Suicune
|-boost|p2a: Suicune|spa|1
|-boost|p2a: Suicune|spd|1
|
|-weather|Sandstorm|[upkeep]
|-damage|p1a: Salamence|94/100|[from] Sandstorm
|-damage|p2a: Suicune|66/100|[from] Sandstorm
|-heal|p1a: Salamence|100/100|[from] item: Leftovers
|-heal|p2a: Suicune|72/100|[from] item: Leftovers
|upkeep
|turn|21
|
|t:|1729213028
|move|p1a: Salamence|Hidden Power|p2a: Suicune
|-damage|p2a: Suicune|29/100
|move|p2a: Suicune|Surf|p1a: Salamence
|-resisted|p1a: Salamence
|-damage|p1a: Salamence|71/100
|
|-weather|Sandstorm|[upkeep]
|-damage|p1a: Salamence|65/100|[from] Sandstorm
|-damage|p2a: Suicune|23/100|[from] Sandstorm
|-heal|p1a: Salamence|71/100|[from] item: Leftovers
|-heal|p2a: Suicune|29/100|[from] item: Leftovers
|upkeep
|turn|22
|
|t:|1729213034
|move|p1a: Salamence|Hidden Power|p2a: Suicune
|-damage|p2a: Suicune|0 fnt
|faint|p2a: Suicune
|
|t:|1729213035
|switch|p2a: Metagross|Metagross|42/100
|
|-weather|Sandstorm|[upkeep]
|-damage|p1a: Salamence|65/100|[from] Sandstorm
|-heal|p1a: Salamence|71/100|[from] item: Leftovers
|-heal|p2a: Metagross|48/100|[from] item: Leftovers
|upkeep
|turn|23
|
|t:|1729213037
|move|p1a: Salamence|Earthquake|p2a: Metagross
|-supereffective|p2a: Metagross
|-damage|p2a: Metagross|0 fnt
|faint|p2a: Metagross
|
|win|almarkowbender
|c|☆Zpanther|gg
|c|☆almarkowbender|gg

</script>
<script type="application/json" class="data" id="replaydata-smogtours-gen3ou-799442">
{"id":"smogtours-gen3ou-799442","format":"[Gen 3] OU","players":["almarkowbender","Zpanther"],"uploadtime":1729213037,"views":115,"formatid":"gen3ou","rating":null,"private":0,"password":null}
</script>

<script defer src="js/replays.js?9d40a366"></script>
