<!DOCTYPE html>
<meta charset="utf-8" />
<meta name="viewport" content="width=device-width" />

<title>[Gen 3] OU: Humorous Husband vs. Big Nut Bill - Replays - Pok&eacute;mon Showdown!</title>

<meta name="description" content="Watch a replay of a Pok&eacute;mon battle between Humorous Husband and Big Nut Bill! Format: [Gen 3] OU; Date: Oct 22, 2024" />
<!--

Hey, you! Looking in the source for the replay log?

You can find them in JSON format, just add `.json` at the end of a replay URL.

https://replay.pokemonshowdown.com/gen7randomdoublesbattle-865046831.json

Or, if you only need the log itself, add `.log` instead:

https://replay.pokemonshowdown.com/gen7randomdoublesbattle-865046831.log

-->

<link rel="stylesheet" href="//pokemonshowdown.com/style/global.css?0.023195364461161105" />
<link rel="stylesheet" href="//play.pokemonshowdown.com/style/font-awesome.css?0.13261647063804238" />
<link rel="stylesheet" href="//play.pokemonshowdown.com/style/battle.css?0.8753245789963631" />
<link rel="stylesheet" href="//play.pokemonshowdown.com/style/utilichart.css?0.8627959624976733" />

<!-- Global site tag (gtag.js) - Google Analytics -->
<script async src="https://www.googletagmanager.com/gtag/js?id=UA-26211653-1"></script>
<script>
  window.dataLayer = window.dataLayer || [];
  function gtag(){dataLayer.push(arguments);}
  gtag('js', new Date());

  gtag('config', 'UA-26211653-1');
</script>
<!-- End Google Analytics -->
<!-- Venatus Ad Manager - Install in <HEAD> of page -->
	<script src="https://hb.vntsm.com/v3/live/ad-manager.min.js" type="text/javascript" data-site-id="642aba63ec9a7b11c3c9c1be" data-mode="scan" async></script>
<!-- / Venatus Ad Manager -->

<style>
	@media (max-width:820px) {
		.battle {
			margin: 0 auto;
		}
		.battle-log {
			margin: 7px auto 0;
			max-width: 640px;
			height: 300px;
			position: static;
		}
	}
	.optgroup {
		display: inline-block;
		line-height: 22px;
		font-size: 10pt;
	}
	.optgroup .button {
		height: 25px;
		padding-top: 0;
		padding-bottom: 0;
	}
	.optgroup button.button {
		padding-left: 12px;
		padding-right: 12px;
	}
	.linklist {
		list-style: none;
		margin: 0.5em 0;
		padding: 0;
	}
	.linklist li {
		padding: 2px 0;
	}
	.sidebar {
		float: left;
		width: 320px;
	}
	.bar-wrapper {
		max-width: 1100px;
		margin: 0 auto;
	}
	.bar-wrapper.has-sidebar {
		max-width: 1430px;
	}
	.mainbar {
		margin: 0;
		padding-right: 1px;
	}
	.mainbar.has-sidebar {
		margin-left: 330px;
	}
	@media (min-width: 1511px) {
		.sidebar {
			width: 400px;
		}
		.bar-wrapper.has-sidebar {
			max-width: 1510px;
		}
		.mainbar.has-sidebar {
			margin-left: 410px;
		}
	}
	.section.first-section {
		margin-top: 9px;
	}
	.blocklink small {
		white-space: normal;
	}
	.button {
		vertical-align: middle;
	}
	.replay-controls {
		padding-top: 10px;
	}
	.replay-controls h1 {
		font-size: 16pt;
		font-weight: normal;
		color: #CCC;
	}
	.pagelink {
		text-align: center;
	}
	.pagelink a {
		width: 150px;
	}
	.textbox, .button {
		font-size: 11pt;
		vertical-align: middle;
	}
	@media (max-width: 450px) {
		.button {
			font-size: 9pt;
		}
	}
</style>

<div>

	<header>
		<div class="nav-wrapper"><ul class="nav">
			<li><a class="button nav-first" href="//pokemonshowdown.com/"><img src="//pokemonshowdown.com/images/pokemonshowdownbeta.png" srcset="//pokemonshowdown.com/images/pokemonshowdownbeta.png 1x, //pokemonshowdown.com/images/pokemonshowdownbeta@2x.png 2x" alt="Pok&eacute;mon Showdown" width="146" height="44" /> Home</a></li>
			<li><a class="button" href="//pokemonshowdown.com/dex/">Pok&eacute;dex</a></li>
			<li><a class="button cur" href="/">Replays</a></li>
			<li><a class="button" href="//pokemonshowdown.com/ladder/">Ladder</a></li>
			<li><a class="button nav-last" href="//pokemonshowdown.com/forums/">Forum</a></li>
			<li><a class="button greenbutton nav-first nav-last" href="//play.pokemonshowdown.com/">Play</a></li>
		</ul></div>
	</header>

	<div class="main" id="main">

		<noscript><section class="section">You need to enable JavaScript to use this page; sorry!</section></noscript>

	</div>

</div>

<script defer nomodule src="//play.pokemonshowdown.com/js/lib/ps-polyfill.js"></script>
<script defer src="//play.pokemonshowdown.com/js/lib/preact.min.js"></script>

<script defer src="//play.pokemonshowdown.com/config/config.js?2bddbc15"></script>
<script defer src="//play.pokemonshowdown.com/js/lib/jquery-1.11.0.min.js"></script>
<script defer src="//play.pokemonshowdown.com/js/lib/html-sanitizer-minified.js"></script>
<script defer src="//play.pokemonshowdown.com/js/battle-sound.js"></script>
<script defer src="//play.pokemonshowdown.com/js/battledata.js?0.7209276989879541"></script>
<script defer src="//play.pokemonshowdown.com/data/pokedex-mini.js?0.6111056340867951"></script>
<script defer src="//play.pokemonshowdown.com/data/pokedex-mini-bw.js?0.3532142036491459"></script>
<script defer src="//play.pokemonshowdown.com/data/graphics.js?0.24223875632456182"></script>
<script defer src="//play.pokemonshowdown.com/data/pokedex.js?0.38839984266356864"></script>
<script defer src="//play.pokemonshowdown.com/data/moves.js?0.21866028504024015"></script>
<script defer src="//play.pokemonshowdown.com/data/abilities.js?0.2005157953846628"></script>
<script defer src="//play.pokemonshowdown.com/data/items.js?0.9894211263848525"></script>
<script defer src="//play.pokemonshowdown.com/data/teambuilder-tables.js?0.6008791140282215"></script>
<script defer src="//play.pokemonshowdown.com/js/battle-tooltips.js?0.7580118955022959"></script>
<script defer src="//play.pokemonshowdown.com/js/battle.js?0.6057722274234274"></script>

<script defer src="js/utils.js?e31f9a17"></script>
<script defer src="js/replays-battle.js?7008c182"></script>

<!-- don't scrape this data! just add .json or .log after the URL!
Full API docs: https://github.com/smogon/pokemon-showdown-client/blob/master/WEB-API.md -->
<script type="text/plain" class="log" id="replaylog-smogtours-gen3ou-801298">
|inactive|Battle timer is ON: inactive players will automatically lose when time's up.
|t:|1729638621
|gametype|singles
|player|p1|Humorous Husband|wattson|
|player|p2|Big Nut Bill|medium|
|teamsize|p1|6
|teamsize|p2|6
|gen|3
|tier|[Gen 3] OU
|rule|Sleep Clause Mod: Limit one foe put to sleep
|rule|Switch Priority Clause Mod: Faster Pok칠mon switch first
|rule|Species Clause: Limit one of each Pok칠mon
|rule|OHKO Clause: OHKO moves are banned
|rule|Evasion Items Clause: Evasion items are banned
|rule|Evasion Moves Clause: Evasion moves are banned
|rule|Endless Battle Clause: Forcing endless battles is banned
|rule|HP Percentage Mod: HP is shown in percentages
|rule|One Boost Passer Clause: Limit one Baton Passer that has a way to boost its stats
|rule|Freeze Clause Mod: Limit one foe frozen
|
|t:|1729638621
|start
|switch|p1a: Erlang Shen|Zapdos|100/100
|switch|p2a: 游분|Zapdos|100/100
|turn|1
|
|t:|1729638634
|move|p1a: Erlang Shen|Protect|p1a: Erlang Shen
|-singleturn|p1a: Erlang Shen|Protect
|move|p2a: 游분|Substitute|p2a: 游분
|-start|p2a: 游분|Substitute
|-damage|p2a: 游분|76/100
|
|-heal|p2a: 游분|82/100|[from] item: Leftovers
|upkeep
|turn|2
|
|t:|1729638645
|move|p1a: Erlang Shen|Thunderbolt|p2a: 游분
|-end|p2a: 游분|Substitute
|move|p2a: 游분|Thunderbolt|p1a: Erlang Shen
|-damage|p1a: Erlang Shen|46/100
|
|-heal|p1a: Erlang Shen|53/100|[from] item: Leftovers
|-heal|p2a: 游분|88/100|[from] item: Leftovers
|upkeep
|turn|3
|
|t:|1729638655
|move|p1a: Erlang Shen|Thunder Wave|p2a: 游분
|-status|p2a: 游분|par
|move|p2a: 游분|Thunderbolt|p1a: Erlang Shen
|-damage|p1a: Erlang Shen|0 fnt
|faint|p1a: Erlang Shen
|
|t:|1729638668
|switch|p1a: Sha Wujing|Celebi|100/100
|
|-heal|p2a: 游분|94/100 par|[from] item: Leftovers
|upkeep
|turn|4
|inactive|Big Nut Bill has 270 seconds left.
|
|t:|1729638700
|move|p1a: Sha Wujing|Leech Seed|p2a: 游분
|-start|p2a: 游분|move: Leech Seed
|cant|p2a: 游분|par
|
|-heal|p2a: 游분|99/100 par|[from] item: Leftovers
|-damage|p2a: 游분|87/100 par|[from] Leech Seed|[of] p1a: Sha Wujing
|upkeep
|turn|5
|
|t:|1729638708
|move|p1a: Sha Wujing|Psychic|p2a: 游분
|-damage|p2a: 游분|61/100 par
|move|p2a: 游분|Thunderbolt|p1a: Sha Wujing
|-resisted|p1a: Sha Wujing
|-damage|p1a: Sha Wujing|84/100
|
|-heal|p1a: Sha Wujing|90/100|[from] item: Leftovers
|-heal|p2a: 游분|67/100 par|[from] item: Leftovers
|-damage|p2a: 游분|54/100 par|[from] Leech Seed|[of] p1a: Sha Wujing
|-heal|p1a: Sha Wujing|100/100|[silent]
|upkeep
|turn|6
|
|t:|1729638719
|move|p1a: Sha Wujing|Psychic|p2a: 游분
|-damage|p2a: 游분|26/100 par
|cant|p2a: 游분|par
|
|-heal|p2a: 游분|32/100 par|[from] item: Leftovers
|-damage|p2a: 游분|20/100 par|[from] Leech Seed|[of] p1a: Sha Wujing
|upkeep
|turn|7
|
|t:|1729638728
|move|p1a: Sha Wujing|Psychic|p2a: 游분
|-damage|p2a: 游분|0 fnt
|faint|p2a: 游분
|
|t:|1729638732
|switch|p2a: Garlic Jr.|Celebi|100/100
|
|upkeep
|turn|8
|
|t:|1729638742
|switch|p1a: Xuan Wu|Forretress, M|100/100
|move|p2a: Garlic Jr.|Calm Mind|p2a: Garlic Jr.
|-boost|p2a: Garlic Jr.|spa|1
|-boost|p2a: Garlic Jr.|spd|1
|
|upkeep
|turn|9
|
|t:|1729638753
|switch|p1a: Tan Sanzang|Jirachi, shiny|100/100
|move|p2a: Garlic Jr.|Baton Pass|p2a: Garlic Jr.
|
|t:|1729638763
|switch|p2a: BSU|Jirachi|100/100|[from] Baton Pass
|
|upkeep
|turn|10
|
|t:|1729638770
|move|p2a: BSU|Fire Punch|p1a: Tan Sanzang
|-supereffective|p1a: Tan Sanzang
|-damage|p1a: Tan Sanzang|50/100
|move|p1a: Tan Sanzang|Calm Mind|p1a: Tan Sanzang
|-boost|p1a: Tan Sanzang|spa|1
|-boost|p1a: Tan Sanzang|spd|1
|
|-heal|p1a: Tan Sanzang|56/100|[from] item: Leftovers
|upkeep
|turn|11
|
|t:|1729638778
|move|p1a: Tan Sanzang|Protect|p1a: Tan Sanzang
|-singleturn|p1a: Tan Sanzang|Protect
|move|p2a: BSU|Fire Punch|p1a: Tan Sanzang
|-activate|p1a: Tan Sanzang|Protect
|
|-heal|p1a: Tan Sanzang|62/100|[from] item: Leftovers
|upkeep
|turn|12
|
|t:|1729638784
|move|p2a: BSU|Fire Punch|p1a: Tan Sanzang
|-supereffective|p1a: Tan Sanzang
|-damage|p1a: Tan Sanzang|25/100
|move|p1a: Tan Sanzang|Wish|p1a: Tan Sanzang
|
|-heal|p1a: Tan Sanzang|31/100|[from] item: Leftovers
|upkeep
|turn|13
|
|t:|1729638790
|switch|p2a: Poobah|Dugtrio, M|100/100
|move|p1a: Tan Sanzang|Protect||[still]
|-fail|p1a: Tan Sanzang
|
|-heal|p1a: Tan Sanzang|81/100|[from] move: Wish|[wisher] Tan Sanzang
|-heal|p1a: Tan Sanzang|88/100|[from] item: Leftovers
|upkeep
|turn|14
|
|t:|1729638799
|move|p1a: Tan Sanzang|Protect|p1a: Tan Sanzang
|-singleturn|p1a: Tan Sanzang|Protect
|move|p2a: Poobah|Earthquake|p1a: Tan Sanzang
|-activate|p1a: Tan Sanzang|Protect
|
|-heal|p1a: Tan Sanzang|94/100|[from] item: Leftovers
|upkeep
|turn|15
|
|t:|1729638806
|move|p2a: Poobah|Earthquake|p1a: Tan Sanzang
|-supereffective|p1a: Tan Sanzang
|-damage|p1a: Tan Sanzang|33/100
|move|p1a: Tan Sanzang|Fire Punch|p2a: Poobah
|-damage|p2a: Poobah|52/100
|
|-heal|p1a: Tan Sanzang|39/100|[from] item: Leftovers
|upkeep
|turn|16
|
|t:|1729638813
|move|p1a: Tan Sanzang|Protect|p1a: Tan Sanzang
|-singleturn|p1a: Tan Sanzang|Protect
|move|p2a: Poobah|Earthquake|p1a: Tan Sanzang
|-activate|p1a: Tan Sanzang|Protect
|
|-heal|p1a: Tan Sanzang|46/100|[from] item: Leftovers
|upkeep
|turn|17
|
|t:|1729638821
|move|p2a: Poobah|Earthquake|p1a: Tan Sanzang
|-supereffective|p1a: Tan Sanzang
|-damage|p1a: Tan Sanzang|0 fnt
|faint|p1a: Tan Sanzang
|
|t:|1729638825
|switch|p1a: Son Wukong|Medicham, F, shiny|100/100
|
|upkeep
|turn|18
|
|t:|1729638836
|move|p1a: Son Wukong|Fake Out|p2a: Poobah
|-damage|p2a: Poobah|9/100
|cant|p2a: Poobah|flinch
|
|upkeep
|turn|19
|
|t:|1729638855
|move|p2a: Poobah|Earthquake|p1a: Son Wukong
|-damage|p1a: Son Wukong|14/100
|move|p1a: Son Wukong|Shadow Ball|p2a: Poobah
|-damage|p2a: Poobah|0 fnt
|faint|p2a: Poobah
|
|t:|1729638869
|switch|p2a: Nefarious Spectre|Gengar, M|100/100
|
|-enditem|p1a: Son Wukong|Salac Berry|[eat]
|-boost|p1a: Son Wukong|spe|1|[from] item: Salac Berry
|upkeep
|turn|20
|
|t:|1729638884
|switch|p2a: Skipper|Swampert, M|100/100
|move|p1a: Son Wukong|Shadow Ball|p2a: Skipper
|-damage|p2a: Skipper|75/100
|-unboost|p2a: Skipper|spd|1
|
|-heal|p2a: Skipper|82/100|[from] item: Leftovers
|upkeep
|turn|21
|
|t:|1729638893
|move|p1a: Son Wukong|Reversal|p2a: Skipper
|-damage|p2a: Skipper|41/100
|move|p2a: Skipper|Earthquake|p1a: Son Wukong
|-damage|p1a: Son Wukong|0 fnt
|faint|p1a: Son Wukong
|
|t:|1729638908
|switch|p1a: Xuan Wu|Forretress, M|100/100
|
|-heal|p2a: Skipper|47/100|[from] item: Leftovers
|upkeep
|turn|22
|
|t:|1729638918
|switch|p2a: BSU|Jirachi|100/100
|move|p1a: Xuan Wu|Spikes|p2a: BSU
|-sidestart|p2: Big Nut Bill|Spikes
|
|upkeep
|turn|23
|
|t:|1729638925
|switch|p1a: Sha Wujing|Celebi|100/100
|move|p2a: BSU|Calm Mind|p2a: BSU
|-boost|p2a: BSU|spa|1
|-boost|p2a: BSU|spd|1
|
|upkeep
|turn|24
|
|t:|1729638932
|move|p2a: BSU|Fire Punch|p1a: Sha Wujing
|-supereffective|p1a: Sha Wujing
|-damage|p1a: Sha Wujing|52/100
|move|p1a: Sha Wujing|Leech Seed|p2a: BSU
|-start|p2a: BSU|move: Leech Seed
|
|-damage|p2a: BSU|88/100|[from] Leech Seed|[of] p1a: Sha Wujing
|-heal|p1a: Sha Wujing|63/100|[silent]
|-heal|p1a: Sha Wujing|69/100|[from] item: Leftovers
|upkeep
|turn|25
|
|t:|1729638946
|move|p2a: BSU|Calm Mind|p2a: BSU
|-boost|p2a: BSU|spa|1
|-boost|p2a: BSU|spd|1
|move|p1a: Sha Wujing|Psychic|p2a: BSU
|-resisted|p2a: BSU
|-damage|p2a: BSU|85/100
|
|-heal|p2a: BSU|91/100|[from] item: Leftovers
|-damage|p2a: BSU|78/100|[from] Leech Seed|[of] p1a: Sha Wujing
|-heal|p1a: Sha Wujing|80/100|[silent]
|-heal|p1a: Sha Wujing|86/100|[from] item: Leftovers
|upkeep
|turn|26
|
|t:|1729638957
|switch|p1a: Zhu Bajie|Swampert, F|100/100
|move|p2a: BSU|Fire Punch|p1a: Zhu Bajie
|-resisted|p1a: Zhu Bajie
|-damage|p1a: Zhu Bajie|85/100
|
|-heal|p2a: BSU|84/100|[from] item: Leftovers
|-damage|p2a: BSU|72/100|[from] Leech Seed|[of] p1a: Zhu Bajie
|-heal|p1a: Zhu Bajie|96/100|[silent]
|-heal|p1a: Zhu Bajie|100/100|[from] item: Leftovers
|upkeep
|turn|27
|
|t:|1729638968
|move|p2a: BSU|Hidden Power|p1a: Zhu Bajie
|-supereffective|p1a: Zhu Bajie
|-damage|p1a: Zhu Bajie|0 fnt
|faint|p1a: Zhu Bajie
|c|驕Humorous Husband|gg bad matchup
|
|t:|1729638980
|switch|p1a: Xuan Wu|Forretress, M|100/100
|
|-heal|p2a: BSU|78/100|[from] item: Leftovers
|-damage|p2a: BSU|66/100|[from] Leech Seed|[of] p1a: Xuan Wu
|upkeep
|turn|28
|
|t:|1729638987
|move|p2a: BSU|Fire Punch|p1a: Xuan Wu
|-supereffective|p1a: Xuan Wu
|-damage|p1a: Xuan Wu|0 fnt
|faint|p1a: Xuan Wu
|
|t:|1729638991
|switch|p1a: Sha Wujing|Celebi|86/100
|
|-heal|p2a: BSU|72/100|[from] item: Leftovers
|-damage|p2a: BSU|59/100|[from] Leech Seed|[of] p1a: Sha Wujing
|-heal|p1a: Sha Wujing|98/100|[silent]
|-heal|p1a: Sha Wujing|100/100|[from] item: Leftovers
|upkeep
|turn|29
|
|t:|1729638999
|move|p2a: BSU|Fire Punch|p1a: Sha Wujing
|-supereffective|p1a: Sha Wujing
|-damage|p1a: Sha Wujing|37/100
|move|p1a: Sha Wujing|Recover|p1a: Sha Wujing
|-heal|p1a: Sha Wujing|87/100
|
|-heal|p2a: BSU|65/100|[from] item: Leftovers
|-damage|p2a: BSU|53/100|[from] Leech Seed|[of] p1a: Sha Wujing
|-heal|p1a: Sha Wujing|98/100|[silent]
|-heal|p1a: Sha Wujing|100/100|[from] item: Leftovers
|upkeep
|turn|30
|
|t:|1729639020
|move|p2a: BSU|Fire Punch|p1a: Sha Wujing
|-supereffective|p1a: Sha Wujing
|-damage|p1a: Sha Wujing|43/100
|move|p1a: Sha Wujing|Recover|p1a: Sha Wujing
|-heal|p1a: Sha Wujing|93/100
|
|-heal|p2a: BSU|59/100|[from] item: Leftovers
|-damage|p2a: BSU|46/100|[from] Leech Seed|[of] p1a: Sha Wujing
|-heal|p1a: Sha Wujing|100/100|[silent]
|upkeep
|turn|31
|
|t:|1729639031
|move|p2a: BSU|Fire Punch|p1a: Sha Wujing
|-supereffective|p1a: Sha Wujing
|-damage|p1a: Sha Wujing|37/100
|move|p1a: Sha Wujing|Recover|p1a: Sha Wujing
|-heal|p1a: Sha Wujing|87/100
|
|-heal|p2a: BSU|53/100|[from] item: Leftovers
|-damage|p2a: BSU|40/100|[from] Leech Seed|[of] p1a: Sha Wujing
|-heal|p1a: Sha Wujing|98/100|[silent]
|-heal|p1a: Sha Wujing|100/100|[from] item: Leftovers
|upkeep
|turn|32
|
|t:|1729639041
|switch|p2a: Garlic Jr.|Celebi|100/100
|-damage|p2a: Garlic Jr.|88/100|[from] Spikes
|move|p1a: Sha Wujing|Recover||[still]
|-fail|p1a: Sha Wujing|heal
|
|-heal|p2a: Garlic Jr.|94/100|[from] item: Leftovers
|upkeep
|turn|33
|
|t:|1729639048
|move|p1a: Sha Wujing|Psychic|p2a: Garlic Jr.
|-resisted|p2a: Garlic Jr.
|-damage|p2a: Garlic Jr.|82/100
|move|p2a: Garlic Jr.|Calm Mind|p2a: Garlic Jr.
|-boost|p2a: Garlic Jr.|spa|1
|-boost|p2a: Garlic Jr.|spd|1
|
|-heal|p2a: Garlic Jr.|89/100|[from] item: Leftovers
|upkeep
|turn|34
|
|t:|1729639055
|move|p1a: Sha Wujing|Psychic|p2a: Garlic Jr.
|-resisted|p2a: Garlic Jr.
|-damage|p2a: Garlic Jr.|80/100
|move|p2a: Garlic Jr.|Calm Mind|p2a: Garlic Jr.
|-boost|p2a: Garlic Jr.|spa|1
|-boost|p2a: Garlic Jr.|spd|1
|
|-heal|p2a: Garlic Jr.|86/100|[from] item: Leftovers
|upkeep
|turn|35
|
|t:|1729639062
|move|p1a: Sha Wujing|Psychic|p2a: Garlic Jr.
|-resisted|p2a: Garlic Jr.
|-damage|p2a: Garlic Jr.|79/100
|-unboost|p2a: Garlic Jr.|spd|1
|move|p2a: Garlic Jr.|Calm Mind|p2a: Garlic Jr.
|-boost|p2a: Garlic Jr.|spa|1
|-boost|p2a: Garlic Jr.|spd|1
|
|-heal|p2a: Garlic Jr.|85/100|[from] item: Leftovers
|upkeep
|turn|36
|
|t:|1729639071
|move|p1a: Sha Wujing|Psychic|p2a: Garlic Jr.
|-resisted|p2a: Garlic Jr.
|-damage|p2a: Garlic Jr.|79/100
|-unboost|p2a: Garlic Jr.|spd|1
|move|p2a: Garlic Jr.|Calm Mind|p2a: Garlic Jr.
|-boost|p2a: Garlic Jr.|spa|1
|-boost|p2a: Garlic Jr.|spd|1
|
|-heal|p2a: Garlic Jr.|86/100|[from] item: Leftovers
|upkeep
|turn|37
|
|t:|1729639080
|move|p1a: Sha Wujing|Psychic|p2a: Garlic Jr.
|-resisted|p2a: Garlic Jr.
|-damage|p2a: Garlic Jr.|80/100
|move|p2a: Garlic Jr.|Calm Mind|p2a: Garlic Jr.
|-boost|p2a: Garlic Jr.|spa|1
|-boost|p2a: Garlic Jr.|spd|1
|
|-heal|p2a: Garlic Jr.|86/100|[from] item: Leftovers
|upkeep
|turn|38
|
|t:|1729639093
|move|p1a: Sha Wujing|Psychic|p2a: Garlic Jr.
|-resisted|p2a: Garlic Jr.
|-damage|p2a: Garlic Jr.|81/100
|-unboost|p2a: Garlic Jr.|spd|1
|move|p2a: Garlic Jr.|Calm Mind|p2a: Garlic Jr.
|-boost|p2a: Garlic Jr.|spa|1
|-boost|p2a: Garlic Jr.|spd|1
|
|-heal|p2a: Garlic Jr.|87/100|[from] item: Leftovers
|upkeep
|turn|39
|
|t:|1729639104
|move|p1a: Sha Wujing|Psychic|p2a: Garlic Jr.
|-resisted|p2a: Garlic Jr.
|-damage|p2a: Garlic Jr.|81/100
|move|p2a: Garlic Jr.|Psychic|p1a: Sha Wujing
|-resisted|p1a: Sha Wujing
|-crit|p1a: Sha Wujing
|-damage|p1a: Sha Wujing|1/100
|
|-heal|p1a: Sha Wujing|7/100|[from] item: Leftovers
|-heal|p2a: Garlic Jr.|87/100|[from] item: Leftovers
|upkeep
|turn|40
|
|t:|1729639113
|move|p1a: Sha Wujing|Psychic|p2a: Garlic Jr.
|-resisted|p2a: Garlic Jr.
|-damage|p2a: Garlic Jr.|82/100
|move|p2a: Garlic Jr.|Psychic|p1a: Sha Wujing
|-resisted|p1a: Sha Wujing
|-damage|p1a: Sha Wujing|0 fnt
|faint|p1a: Sha Wujing
|
|win|Big Nut Bill

</script>
<script type="application/json" class="data" id="replaydata-smogtours-gen3ou-801298">
{"id":"smogtours-gen3ou-801298","format":"[Gen 3] OU","players":["Humorous Husband","Big Nut Bill"],"uploadtime":1729639113,"views":84,"formatid":"gen3ou","rating":null,"private":0,"password":null}
</script>

<script defer src="js/replays.js?9d40a366"></script>
