<!DOCTYPE html>
<meta charset="utf-8" />
<meta name="viewport" content="width=device-width" />

<title>[Gen 3] OU: SPFunkm vs. jeffoly - Replays - Pok&eacute;mon Showdown!</title>

<meta name="description" content="Watch a replay of a Pok&eacute;mon battle between SPFunkm and jeffoly! Format: [Gen 3] OU; Date: Oct 4, 2024" />
<!--

Hey, you! Looking in the source for the replay log?

You can find them in JSON format, just add `.json` at the end of a replay URL.

https://replay.pokemonshowdown.com/gen7randomdoublesbattle-865046831.json

Or, if you only need the log itself, add `.log` instead:

https://replay.pokemonshowdown.com/gen7randomdoublesbattle-865046831.log

-->

<link rel="stylesheet" href="//pokemonshowdown.com/style/global.css?0.023195364461161105" />
<link rel="stylesheet" href="//play.pokemonshowdown.com/style/font-awesome.css?0.13261647063804238" />
<link rel="stylesheet" href="//play.pokemonshowdown.com/style/battle.css?0.8753245789963631" />
<link rel="stylesheet" href="//play.pokemonshowdown.com/style/utilichart.css?0.8627959624976733" />

<!-- Global site tag (gtag.js) - Google Analytics -->
<script async src="https://www.googletagmanager.com/gtag/js?id=UA-26211653-1"></script>
<script>
  window.dataLayer = window.dataLayer || [];
  function gtag(){dataLayer.push(arguments);}
  gtag('js', new Date());

  gtag('config', 'UA-26211653-1');
</script>
<!-- End Google Analytics -->
<!-- Venatus Ad Manager - Install in <HEAD> of page -->
	<script src="https://hb.vntsm.com/v3/live/ad-manager.min.js" type="text/javascript" data-site-id="642aba63ec9a7b11c3c9c1be" data-mode="scan" async></script>
<!-- / Venatus Ad Manager -->

<style>
	@media (max-width:820px) {
		.battle {
			margin: 0 auto;
		}
		.battle-log {
			margin: 7px auto 0;
			max-width: 640px;
			height: 300px;
			position: static;
		}
	}
	.optgroup {
		display: inline-block;
		line-height: 22px;
		font-size: 10pt;
	}
	.optgroup .button {
		height: 25px;
		padding-top: 0;
		padding-bottom: 0;
	}
	.optgroup button.button {
		padding-left: 12px;
		padding-right: 12px;
	}
	.linklist {
		list-style: none;
		margin: 0.5em 0;
		padding: 0;
	}
	.linklist li {
		padding: 2px 0;
	}
	.sidebar {
		float: left;
		width: 320px;
	}
	.bar-wrapper {
		max-width: 1100px;
		margin: 0 auto;
	}
	.bar-wrapper.has-sidebar {
		max-width: 1430px;
	}
	.mainbar {
		margin: 0;
		padding-right: 1px;
	}
	.mainbar.has-sidebar {
		margin-left: 330px;
	}
	@media (min-width: 1511px) {
		.sidebar {
			width: 400px;
		}
		.bar-wrapper.has-sidebar {
			max-width: 1510px;
		}
		.mainbar.has-sidebar {
			margin-left: 410px;
		}
	}
	.section.first-section {
		margin-top: 9px;
	}
	.blocklink small {
		white-space: normal;
	}
	.button {
		vertical-align: middle;
	}
	.replay-controls {
		padding-top: 10px;
	}
	.replay-controls h1 {
		font-size: 16pt;
		font-weight: normal;
		color: #CCC;
	}
	.pagelink {
		text-align: center;
	}
	.pagelink a {
		width: 150px;
	}
	.textbox, .button {
		font-size: 11pt;
		vertical-align: middle;
	}
	@media (max-width: 450px) {
		.button {
			font-size: 9pt;
		}
	}
</style>

<div>

	<header>
		<div class="nav-wrapper"><ul class="nav">
			<li><a class="button nav-first" href="//pokemonshowdown.com/"><img src="//pokemonshowdown.com/images/pokemonshowdownbeta.png" srcset="//pokemonshowdown.com/images/pokemonshowdownbeta.png 1x, //pokemonshowdown.com/images/pokemonshowdownbeta@2x.png 2x" alt="Pok&eacute;mon Showdown" width="146" height="44" /> Home</a></li>
			<li><a class="button" href="//pokemonshowdown.com/dex/">Pok&eacute;dex</a></li>
			<li><a class="button cur" href="/">Replays</a></li>
			<li><a class="button" href="//pokemonshowdown.com/ladder/">Ladder</a></li>
			<li><a class="button nav-last" href="//pokemonshowdown.com/forums/">Forum</a></li>
			<li><a class="button greenbutton nav-first nav-last" href="//play.pokemonshowdown.com/">Play</a></li>
		</ul></div>
	</header>

	<div class="main" id="main">

		<noscript><section class="section">You need to enable JavaScript to use this page; sorry!</section></noscript>

	</div>

</div>

<script defer nomodule src="//play.pokemonshowdown.com/js/lib/ps-polyfill.js"></script>
<script defer src="//play.pokemonshowdown.com/js/lib/preact.min.js"></script>

<script defer src="//play.pokemonshowdown.com/config/config.js?2bddbc15"></script>
<script defer src="//play.pokemonshowdown.com/js/lib/jquery-1.11.0.min.js"></script>
<script defer src="//play.pokemonshowdown.com/js/lib/html-sanitizer-minified.js"></script>
<script defer src="//play.pokemonshowdown.com/js/battle-sound.js"></script>
<script defer src="//play.pokemonshowdown.com/js/battledata.js?0.7209276989879541"></script>
<script defer src="//play.pokemonshowdown.com/data/pokedex-mini.js?0.6111056340867951"></script>
<script defer src="//play.pokemonshowdown.com/data/pokedex-mini-bw.js?0.3532142036491459"></script>
<script defer src="//play.pokemonshowdown.com/data/graphics.js?0.24223875632456182"></script>
<script defer src="//play.pokemonshowdown.com/data/pokedex.js?0.38839984266356864"></script>
<script defer src="//play.pokemonshowdown.com/data/moves.js?0.21866028504024015"></script>
<script defer src="//play.pokemonshowdown.com/data/abilities.js?0.2005157953846628"></script>
<script defer src="//play.pokemonshowdown.com/data/items.js?0.9894211263848525"></script>
<script defer src="//play.pokemonshowdown.com/data/teambuilder-tables.js?0.6008791140282215"></script>
<script defer src="//play.pokemonshowdown.com/js/battle-tooltips.js?0.7580118955022959"></script>
<script defer src="//play.pokemonshowdown.com/js/battle.js?0.6057722274234274"></script>

<script defer src="js/utils.js?e31f9a17"></script>
<script defer src="js/replays-battle.js?7008c182"></script>

<!-- don't scrape this data! just add .json or .log after the URL!
Full API docs: https://github.com/smogon/pokemon-showdown-client/blob/master/WEB-API.md -->
<script type="text/plain" class="log" id="replaylog-smogtours-gen3ou-794757">
|inactive|Battle timer is ON: inactive players will automatically lose when time's up.
|t:|1728079581
|gametype|singles
|player|p1|SPFunkm|lady-gen4|
|player|p2|jeffoly|1|
|teamsize|p1|6
|teamsize|p2|6
|gen|3
|tier|[Gen 3] OU
|rule|Sleep Clause Mod: Limit one foe put to sleep
|rule|Switch Priority Clause Mod: Faster Pokémon switch first
|rule|Species Clause: Limit one of each Pokémon
|rule|OHKO Clause: OHKO moves are banned
|rule|Evasion Items Clause: Evasion items are banned
|rule|Evasion Moves Clause: Evasion moves are banned
|rule|Endless Battle Clause: Forcing endless battles is banned
|rule|HP Percentage Mod: HP is shown in percentages
|rule|One Boost Passer Clause: Limit one Baton Passer that has a way to boost its stats
|rule|Freeze Clause Mod: Limit one foe frozen
|
|t:|1728079581
|start
|switch|p1a: Salamence|Salamence, M|100/100
|switch|p2a: Salamence|Salamence, M|100/100
|-ability|p1a: Salamence|Intimidate|boost
|-unboost|p2a: Salamence|atk|1
|-ability|p2a: Salamence|Intimidate|boost
|-unboost|p1a: Salamence|atk|1
|turn|1
|c|☆SPFunkm|glhf
|inactive|SPFunkm has 270 seconds left.
|c|☆jeffoly|good luck
|
|t:|1728079620
|move|p1a: Salamence|Dragon Claw|p2a: Salamence
|-supereffective|p2a: Salamence
|-damage|p2a: Salamence|0 fnt
|faint|p2a: Salamence
|
|t:|1728079628
|switch|p2a: Aerodactyl|Aerodactyl, M|100/100
|
|upkeep
|turn|2
|
|t:|1728079654
|switch|p1a: Swampert|Swampert, M|100/100
|move|p2a: Aerodactyl|Rock Slide|p1a: Swampert
|-resisted|p1a: Swampert
|-damage|p1a: Swampert|80/100
|
|-heal|p1a: Swampert|86/100|[from] item: Leftovers
|upkeep
|turn|3
|inactive|SPFunkm has 270 seconds left.
|
|t:|1728079675
|switch|p2a: Blissey|Blissey, F|100/100
|move|p1a: Swampert|Ice Beam|p2a: Blissey
|-damage|p2a: Blissey|91/100
|
|-heal|p1a: Swampert|92/100|[from] item: Leftovers
|-heal|p2a: Blissey|97/100|[from] item: Leftovers
|upkeep
|turn|4
|inactive|SPFunkm has 270 seconds left.
|
|t:|1728079698
|move|p1a: Swampert|Earthquake|p2a: Blissey
|-damage|p2a: Blissey|58/100
|move|p2a: Blissey|Ice Beam|p1a: Swampert
|-damage|p1a: Swampert|67/100
|
|-heal|p1a: Swampert|73/100|[from] item: Leftovers
|-heal|p2a: Blissey|64/100|[from] item: Leftovers
|upkeep
|turn|5
|inactive|jeffoly has 270 seconds left.
|
|t:|1728079717
|switch|p2a: Aerodactyl|Aerodactyl, M|100/100
|move|p1a: Swampert|Earthquake|p2a: Aerodactyl
|-immune|p2a: Aerodactyl
|
|-heal|p1a: Swampert|79/100|[from] item: Leftovers
|upkeep
|turn|6
|inactive|jeffoly has 270 seconds left.
|
|t:|1728079734
|switch|p2a: Jirachi|Jirachi|100/100
|move|p1a: Swampert|Surf|p2a: Jirachi
|-damage|p2a: Jirachi|61/100
|
|-heal|p2a: Jirachi|67/100|[from] item: Leftovers
|-heal|p1a: Swampert|85/100|[from] item: Leftovers
|upkeep
|turn|7
|inactive|jeffoly has 270 seconds left.
|inactive|SPFunkm has 240 seconds left.
|
|t:|1728079751
|move|p2a: Jirachi|Hidden Power|p1a: Swampert
|-supereffective|p1a: Swampert
|-damage|p1a: Swampert|11/100
|move|p1a: Swampert|Earthquake|p2a: Jirachi
|-supereffective|p2a: Jirachi
|-damage|p2a: Jirachi|0 fnt
|faint|p2a: Jirachi
|inactive|jeffoly has 270 seconds left.
|
|t:|1728079760
|switch|p2a: Aerodactyl|Aerodactyl, M|100/100
|
|-heal|p1a: Swampert|18/100|[from] item: Leftovers
|upkeep
|turn|8
|inactive|SPFunkm has 240 seconds left.
|
|t:|1728079776
|switch|p1a: Salamence|Salamence, M|100/100
|-ability|p1a: Salamence|Intimidate|boost
|-unboost|p2a: Aerodactyl|atk|1
|move|p2a: Aerodactyl|Hidden Power|p1a: Salamence
|-crit|p1a: Salamence
|-damage|p1a: Salamence|0 fnt
|faint|p1a: Salamence
|inactive|SPFunkm has 240 seconds left.
|c|☆jeffoly|wow that was lucky, sorry L(
|
|t:|1728079796
|switch|p1a: Jirachi|Jirachi, shiny|100/100
|
|upkeep
|turn|9
|c|☆jeffoly|:(
|
|t:|1728079812
|switch|p2a: Blissey|Blissey, F|64/100
|move|p1a: Jirachi|Calm Mind|p1a: Jirachi
|-boost|p1a: Jirachi|spa|1
|-boost|p1a: Jirachi|spd|1
|
|-heal|p2a: Blissey|71/100|[from] item: Leftovers
|upkeep
|turn|10
|inactive|SPFunkm has 210 seconds left.
|
|t:|1728079849
|move|p1a: Jirachi|Calm Mind|p1a: Jirachi
|-boost|p1a: Jirachi|spa|1
|-boost|p1a: Jirachi|spd|1
|move|p2a: Blissey|Thunder Wave|p1a: Jirachi
|-status|p1a: Jirachi|par
|
|-heal|p2a: Blissey|77/100|[from] item: Leftovers
|upkeep
|turn|11
|
|t:|1728079867
|move|p2a: Blissey|Seismic Toss|p1a: Jirachi
|-damage|p1a: Jirachi|75/100 par
|cant|p1a: Jirachi|par
|
|-heal|p2a: Blissey|83/100|[from] item: Leftovers
|-heal|p1a: Jirachi|81/100 par|[from] item: Leftovers
|upkeep
|turn|12
|
|t:|1728079884
|move|p2a: Blissey|Seismic Toss|p1a: Jirachi
|-damage|p1a: Jirachi|56/100 par
|move|p1a: Jirachi|Psychic|p2a: Blissey
|-damage|p2a: Blissey|48/100
|
|-heal|p2a: Blissey|54/100|[from] item: Leftovers
|-heal|p1a: Jirachi|62/100 par|[from] item: Leftovers
|upkeep
|turn|13
|
|t:|1728079900
|switch|p1a: Swampert|Swampert, M|18/100
|move|p2a: Blissey|Soft-Boiled|p2a: Blissey
|-heal|p2a: Blissey|100/100
|
|-heal|p1a: Swampert|24/100|[from] item: Leftovers
|upkeep
|turn|14
|inactive|SPFunkm has 180 seconds left.
|
|t:|1728079916
|move|p1a: Swampert|Earthquake|p2a: Blissey
|-damage|p2a: Blissey|65/100
|move|p2a: Blissey|Seismic Toss|p1a: Swampert
|-damage|p1a: Swampert|0 fnt
|faint|p1a: Swampert
|
|t:|1728079919
|switch|p1a: Tyranitar|Tyranitar, M|100/100
|-weather|Sandstorm|[from] ability: Sand Stream|[of] p1a: Tyranitar
|
|-weather|Sandstorm|[upkeep]
|-damage|p2a: Blissey|58/100|[from] Sandstorm
|-heal|p2a: Blissey|65/100|[from] item: Leftovers
|upkeep
|turn|15
|inactive|SPFunkm has 180 seconds left.
|
|t:|1728079935
|move|p1a: Tyranitar|Dragon Dance|p1a: Tyranitar
|-boost|p1a: Tyranitar|atk|1
|-boost|p1a: Tyranitar|spe|1
|move|p2a: Blissey|Thunder Wave|p1a: Tyranitar
|-status|p1a: Tyranitar|par
|-enditem|p1a: Tyranitar|Lum Berry|[eat]
|-curestatus|p1a: Tyranitar|par|[msg]
|
|-weather|Sandstorm|[upkeep]
|-damage|p2a: Blissey|58/100|[from] Sandstorm
|-heal|p2a: Blissey|65/100|[from] item: Leftovers
|upkeep
|turn|16
|inactive|SPFunkm has 180 seconds left.
|
|t:|1728079954
|move|p1a: Tyranitar|Rock Slide|p2a: Blissey
|-damage|p2a: Blissey|0 fnt
|faint|p2a: Blissey
|
|t:|1728079963
|switch|p2a: Forretress|Forretress, F|100/100
|
|-weather|Sandstorm|[upkeep]
|upkeep
|turn|17
|inactive|SPFunkm has 180 seconds left.
|
|t:|1728079983
|move|p1a: Tyranitar|Rock Slide|p2a: Forretress
|-damage|p2a: Forretress|58/100
|move|p2a: Forretress|Earthquake|p1a: Tyranitar
|-supereffective|p1a: Tyranitar
|-damage|p1a: Tyranitar|65/100
|
|-weather|Sandstorm|[upkeep]
|-heal|p2a: Forretress|65/100|[from] item: Leftovers
|upkeep
|turn|18
|
|t:|1728080002
|move|p1a: Tyranitar|Rock Slide|p2a: Forretress
|-damage|p2a: Forretress|22/100
|move|p2a: Forretress|Earthquake|p1a: Tyranitar
|-supereffective|p1a: Tyranitar
|-damage|p1a: Tyranitar|27/100
|
|-weather|Sandstorm|[upkeep]
|-heal|p2a: Forretress|28/100|[from] item: Leftovers
|upkeep
|turn|19
|
|t:|1728080021
|move|p1a: Tyranitar|Earthquake|p2a: Forretress
|-damage|p2a: Forretress|0 fnt
|faint|p2a: Forretress
|
|t:|1728080025
|switch|p2a: Aerodactyl|Aerodactyl, M|100/100
|
|-weather|Sandstorm|[upkeep]
|upkeep
|turn|20
|
|t:|1728080041
|move|p2a: Aerodactyl|Earthquake|p1a: Tyranitar
|-supereffective|p1a: Tyranitar
|-damage|p1a: Tyranitar|0 fnt
|faint|p1a: Tyranitar
|
|t:|1728080043
|switch|p1a: Regice|Regice|100/100
|
|-weather|Sandstorm|[upkeep]
|-damage|p1a: Regice|94/100|[from] Sandstorm
|-heal|p1a: Regice|100/100|[from] item: Leftovers
|upkeep
|turn|21
|
|t:|1728080063
|switch|p2a: Tyranitar|Tyranitar, M|100/100
|switch|p1a: Starmie|Starmie|100/100
|
|-weather|Sandstorm|[upkeep]
|-damage|p1a: Starmie|94/100|[from] Sandstorm
|-heal|p1a: Starmie|100/100|[from] item: Leftovers
|upkeep
|turn|22
|
|t:|1728080080
|move|p1a: Starmie|Hydro Pump|p2a: Tyranitar
|-supereffective|p2a: Tyranitar
|-damage|p2a: Tyranitar|0 fnt
|faint|p2a: Tyranitar
|
|t:|1728080084
|switch|p2a: Aerodactyl|Aerodactyl, M|100/100
|
|-weather|Sandstorm|[upkeep]
|-damage|p1a: Starmie|94/100|[from] Sandstorm
|-heal|p1a: Starmie|100/100|[from] item: Leftovers
|upkeep
|turn|23
|
|t:|1728080101
|move|p2a: Aerodactyl|Rock Slide|p1a: Starmie
|-damage|p1a: Starmie|28/100
|cant|p1a: Starmie|flinch
|
|-weather|Sandstorm|[upkeep]
|-damage|p1a: Starmie|22/100|[from] Sandstorm
|-heal|p1a: Starmie|28/100|[from] item: Leftovers
|upkeep
|turn|24
|inactive|SPFunkm has 150 seconds left.
|
|t:|1728080120
|move|p2a: Aerodactyl|Rock Slide|p1a: Starmie
|-damage|p1a: Starmie|0 fnt
|faint|p1a: Starmie
|
|t:|1728080121
|switch|p1a: Jirachi|Jirachi, shiny|62/100 par
|
|-weather|Sandstorm|[upkeep]
|-heal|p1a: Jirachi|68/100 par|[from] item: Leftovers
|upkeep
|turn|25
|inactive|SPFunkm has 150 seconds left.
|
|t:|1728080137
|move|p2a: Aerodactyl|Rock Slide|p1a: Jirachi
|-resisted|p1a: Jirachi
|-damage|p1a: Jirachi|45/100 par
|cant|p1a: Jirachi|flinch
|
|-weather|Sandstorm|[upkeep]
|-heal|p1a: Jirachi|51/100 par|[from] item: Leftovers
|upkeep
|turn|26
|inactive|SPFunkm has 150 seconds left.
|
|t:|1728080154
|move|p2a: Aerodactyl|Rock Slide|p1a: Jirachi
|-resisted|p1a: Jirachi
|-crit|p1a: Jirachi
|-damage|p1a: Jirachi|8/100 par
|cant|p1a: Jirachi|flinch
|
|-weather|Sandstorm|[upkeep]
|-heal|p1a: Jirachi|14/100 par|[from] item: Leftovers
|upkeep
|turn|27
|inactive|SPFunkm has 150 seconds left.
|
|t:|1728080171
|move|p2a: Aerodactyl|Rock Slide|p1a: Jirachi
|-resisted|p1a: Jirachi
|-damage|p1a: Jirachi|0 fnt
|faint|p1a: Jirachi
|
|t:|1728080172
|switch|p1a: Regice|Regice|100/100
|
|-weather|Sandstorm|[upkeep]
|-damage|p1a: Regice|94/100|[from] Sandstorm
|-heal|p1a: Regice|100/100|[from] item: Leftovers
|upkeep
|turn|28
|inactive|SPFunkm has 150 seconds left.
|c|☆SPFunkm|i stg
|
|t:|1728080188
|move|p2a: Aerodactyl|Rock Slide|p1a: Regice
|-supereffective|p1a: Regice
|-damage|p1a: Regice|4/100
|cant|p1a: Regice|flinch
|
|-weather|Sandstorm|[upkeep]
|-damage|p1a: Regice|0 fnt|[from] Sandstorm
|faint|p1a: Regice
|
|win|jeffoly
|upkeep
|c|☆SPFunkm|ffs
|player|p1|
|player|p1|SPFunkm|lady-gen4|

</script>
<script type="application/json" class="data" id="replaydata-smogtours-gen3ou-794757">
{"id":"smogtours-gen3ou-794757","format":"[Gen 3] OU","players":["SPFunkm","jeffoly"],"uploadtime":1728080188,"views":190,"formatid":"gen3ou","rating":null,"private":0,"password":null}
</script>

<script defer src="js/replays.js?9d40a366"></script>
