<!DOCTYPE html>
<meta charset="utf-8" />
<meta name="viewport" content="width=device-width" />

<title>[Gen 3] OU: gooball99 vs. Klird - Replays - Pok&eacute;mon Showdown!</title>

<meta name="description" content="Watch a replay of a Pok&eacute;mon battle between gooball99 and Klird! Format: [Gen 3] OU; Date: Oct 20, 2024" />
<!--

Hey, you! Looking in the source for the replay log?

You can find them in JSON format, just add `.json` at the end of a replay URL.

https://replay.pokemonshowdown.com/gen7randomdoublesbattle-865046831.json

Or, if you only need the log itself, add `.log` instead:

https://replay.pokemonshowdown.com/gen7randomdoublesbattle-865046831.log

-->

<link rel="stylesheet" href="//pokemonshowdown.com/style/global.css?0.023195364461161105" />
<link rel="stylesheet" href="//play.pokemonshowdown.com/style/font-awesome.css?0.13261647063804238" />
<link rel="stylesheet" href="//play.pokemonshowdown.com/style/battle.css?0.8753245789963631" />
<link rel="stylesheet" href="//play.pokemonshowdown.com/style/utilichart.css?0.8627959624976733" />

<!-- Global site tag (gtag.js) - Google Analytics -->
<script async src="https://www.googletagmanager.com/gtag/js?id=UA-26211653-1"></script>
<script>
  window.dataLayer = window.dataLayer || [];
  function gtag(){dataLayer.push(arguments);}
  gtag('js', new Date());

  gtag('config', 'UA-26211653-1');
</script>
<!-- End Google Analytics -->
<!-- Venatus Ad Manager - Install in <HEAD> of page -->
	<script src="https://hb.vntsm.com/v3/live/ad-manager.min.js" type="text/javascript" data-site-id="642aba63ec9a7b11c3c9c1be" data-mode="scan" async></script>
<!-- / Venatus Ad Manager -->

<style>
	@media (max-width:820px) {
		.battle {
			margin: 0 auto;
		}
		.battle-log {
			margin: 7px auto 0;
			max-width: 640px;
			height: 300px;
			position: static;
		}
	}
	.optgroup {
		display: inline-block;
		line-height: 22px;
		font-size: 10pt;
	}
	.optgroup .button {
		height: 25px;
		padding-top: 0;
		padding-bottom: 0;
	}
	.optgroup button.button {
		padding-left: 12px;
		padding-right: 12px;
	}
	.linklist {
		list-style: none;
		margin: 0.5em 0;
		padding: 0;
	}
	.linklist li {
		padding: 2px 0;
	}
	.sidebar {
		float: left;
		width: 320px;
	}
	.bar-wrapper {
		max-width: 1100px;
		margin: 0 auto;
	}
	.bar-wrapper.has-sidebar {
		max-width: 1430px;
	}
	.mainbar {
		margin: 0;
		padding-right: 1px;
	}
	.mainbar.has-sidebar {
		margin-left: 330px;
	}
	@media (min-width: 1511px) {
		.sidebar {
			width: 400px;
		}
		.bar-wrapper.has-sidebar {
			max-width: 1510px;
		}
		.mainbar.has-sidebar {
			margin-left: 410px;
		}
	}
	.section.first-section {
		margin-top: 9px;
	}
	.blocklink small {
		white-space: normal;
	}
	.button {
		vertical-align: middle;
	}
	.replay-controls {
		padding-top: 10px;
	}
	.replay-controls h1 {
		font-size: 16pt;
		font-weight: normal;
		color: #CCC;
	}
	.pagelink {
		text-align: center;
	}
	.pagelink a {
		width: 150px;
	}
	.textbox, .button {
		font-size: 11pt;
		vertical-align: middle;
	}
	@media (max-width: 450px) {
		.button {
			font-size: 9pt;
		}
	}
</style>

<div>

	<header>
		<div class="nav-wrapper"><ul class="nav">
			<li><a class="button nav-first" href="//pokemonshowdown.com/"><img src="//pokemonshowdown.com/images/pokemonshowdownbeta.png" srcset="//pokemonshowdown.com/images/pokemonshowdownbeta.png 1x, //pokemonshowdown.com/images/pokemonshowdownbeta@2x.png 2x" alt="Pok&eacute;mon Showdown" width="146" height="44" /> Home</a></li>
			<li><a class="button" href="//pokemonshowdown.com/dex/">Pok&eacute;dex</a></li>
			<li><a class="button cur" href="/">Replays</a></li>
			<li><a class="button" href="//pokemonshowdown.com/ladder/">Ladder</a></li>
			<li><a class="button nav-last" href="//pokemonshowdown.com/forums/">Forum</a></li>
			<li><a class="button greenbutton nav-first nav-last" href="//play.pokemonshowdown.com/">Play</a></li>
		</ul></div>
	</header>

	<div class="main" id="main">

		<noscript><section class="section">You need to enable JavaScript to use this page; sorry!</section></noscript>

	</div>

</div>

<script defer nomodule src="//play.pokemonshowdown.com/js/lib/ps-polyfill.js"></script>
<script defer src="//play.pokemonshowdown.com/js/lib/preact.min.js"></script>

<script defer src="//play.pokemonshowdown.com/config/config.js?2bddbc15"></script>
<script defer src="//play.pokemonshowdown.com/js/lib/jquery-1.11.0.min.js"></script>
<script defer src="//play.pokemonshowdown.com/js/lib/html-sanitizer-minified.js"></script>
<script defer src="//play.pokemonshowdown.com/js/battle-sound.js"></script>
<script defer src="//play.pokemonshowdown.com/js/battledata.js?0.7209276989879541"></script>
<script defer src="//play.pokemonshowdown.com/data/pokedex-mini.js?0.6111056340867951"></script>
<script defer src="//play.pokemonshowdown.com/data/pokedex-mini-bw.js?0.3532142036491459"></script>
<script defer src="//play.pokemonshowdown.com/data/graphics.js?0.24223875632456182"></script>
<script defer src="//play.pokemonshowdown.com/data/pokedex.js?0.38839984266356864"></script>
<script defer src="//play.pokemonshowdown.com/data/moves.js?0.21866028504024015"></script>
<script defer src="//play.pokemonshowdown.com/data/abilities.js?0.2005157953846628"></script>
<script defer src="//play.pokemonshowdown.com/data/items.js?0.9894211263848525"></script>
<script defer src="//play.pokemonshowdown.com/data/teambuilder-tables.js?0.6008791140282215"></script>
<script defer src="//play.pokemonshowdown.com/js/battle-tooltips.js?0.7580118955022959"></script>
<script defer src="//play.pokemonshowdown.com/js/battle.js?0.6057722274234274"></script>

<script defer src="js/utils.js?e31f9a17"></script>
<script defer src="js/replays-battle.js?7008c182"></script>

<!-- don't scrape this data! just add .json or .log after the URL!
Full API docs: https://github.com/smogon/pokemon-showdown-client/blob/master/WEB-API.md -->
<script type="text/plain" class="log" id="replaylog-smogtours-gen3ou-800964">
|inactive|Battle timer is ON: inactive players will automatically lose when time's up.
|t:|1729466075
|gametype|singles
|player|p1|gooball99|1|
|player|p2|Klird|101|
|teamsize|p1|6
|teamsize|p2|6
|gen|3
|tier|[Gen 3] OU
|rule|Sleep Clause Mod: Limit one foe put to sleep
|rule|Switch Priority Clause Mod: Faster Pokémon switch first
|rule|Species Clause: Limit one of each Pokémon
|rule|OHKO Clause: OHKO moves are banned
|rule|Evasion Items Clause: Evasion items are banned
|rule|Evasion Moves Clause: Evasion moves are banned
|rule|Endless Battle Clause: Forcing endless battles is banned
|rule|HP Percentage Mod: HP is shown in percentages
|rule|One Boost Passer Clause: Limit one Baton Passer that has a way to boost its stats
|rule|Freeze Clause Mod: Limit one foe frozen
|
|t:|1729466075
|start
|switch|p1a: Moltres|Moltres|100/100
|switch|p2a: Listen2UAllDay|Salamence, F|100/100
|-ability|p2a: Listen2UAllDay|Intimidate|boost
|-unboost|p1a: Moltres|atk|1
|turn|1
|
|t:|1729466089
|move|p1a: Moltres|Will-O-Wisp|p2a: Listen2UAllDay|[miss]
|-miss|p1a: Moltres|p2a: Listen2UAllDay
|move|p2a: Listen2UAllDay|Hidden Power|p1a: Moltres
|-crit|p1a: Moltres
|-damage|p1a: Moltres|0 fnt
|faint|p1a: Moltres
|c|☆Klird|mb
|c|☆gooball99|Immediate commupance lmao
|
|t:|1729466111
|switch|p1a: Metagross|Metagross|100/100
|
|upkeep
|turn|2
|
|t:|1729466117
|switch|p2a: Turn it down|Magneton, shiny|100/100
|move|p1a: Metagross|Agility|p1a: Metagross
|-boost|p1a: Metagross|spe|2
|
|upkeep
|turn|3
|
|t:|1729466130
|switch|p2a: PutUOnRepeat|Steelix, F, shiny|100/100
|move|p1a: Metagross|Earthquake|p2a: PutUOnRepeat
|-supereffective|p2a: PutUOnRepeat
|-damage|p2a: PutUOnRepeat|57/100
|
|-heal|p2a: PutUOnRepeat|63/100|[from] item: Leftovers
|upkeep
|turn|4
|
|t:|1729466139
|move|p2a: PutUOnRepeat|Protect|p2a: PutUOnRepeat
|-singleturn|p2a: PutUOnRepeat|Protect
|move|p1a: Metagross|Earthquake|p2a: PutUOnRepeat
|-activate|p2a: PutUOnRepeat|Protect
|
|-heal|p2a: PutUOnRepeat|70/100|[from] item: Leftovers
|upkeep
|turn|5
|
|t:|1729466153
|move|p1a: Metagross|Meteor Mash|p2a: PutUOnRepeat
|-resisted|p2a: PutUOnRepeat
|-damage|p2a: PutUOnRepeat|54/100
|move|p2a: PutUOnRepeat|Earthquake|p1a: Metagross
|-supereffective|p1a: Metagross
|-damage|p1a: Metagross|37/100
|
|-heal|p1a: Metagross|43/100|[from] item: Leftovers
|-heal|p2a: PutUOnRepeat|61/100|[from] item: Leftovers
|upkeep
|turn|6
|
|t:|1729466164
|switch|p1a: Skarmory|Skarmory, F|100/100
|move|p2a: PutUOnRepeat|Protect||[still]
|-fail|p2a: PutUOnRepeat
|
|-heal|p2a: PutUOnRepeat|67/100|[from] item: Leftovers
|upkeep
|turn|7
|
|t:|1729466172
|switch|p2a: Turn it down|Magneton, shiny|100/100
|move|p1a: Skarmory|Spikes|p2a: Turn it down
|-sidestart|p2: Klird|Spikes
|
|upkeep
|turn|8
|
|t:|1729466178
|move|p2a: Turn it down|Thunderbolt|p1a: Skarmory
|-supereffective|p1a: Skarmory
|-damage|p1a: Skarmory|1/100
|move|p1a: Skarmory|Spikes|p2a: Turn it down
|-sidestart|p2: Klird|Spikes
|
|-heal|p1a: Skarmory|7/100|[from] item: Leftovers
|upkeep
|turn|9
|c|☆Klird|that's unlucky
|
|t:|1729466193
|move|p2a: Turn it down|Thunderbolt|p1a: Skarmory
|-supereffective|p1a: Skarmory
|-crit|p1a: Skarmory
|-damage|p1a: Skarmory|0 fnt
|faint|p1a: Skarmory
|
|t:|1729466199
|switch|p1a: Celebi|Celebi|100/100
|
|upkeep
|turn|10
|
|t:|1729466209
|switch|p2a: Listen2UAllDay|Salamence, F|100/100
|-ability|p2a: Listen2UAllDay|Intimidate|boost
|-unboost|p1a: Celebi|atk|1
|move|p1a: Celebi|Calm Mind|p1a: Celebi
|-boost|p1a: Celebi|spa|1
|-boost|p1a: Celebi|spd|1
|
|upkeep
|turn|11
|
|t:|1729466218
|move|p1a: Celebi|Psychic|p2a: Listen2UAllDay
|-damage|p2a: Listen2UAllDay|42/100
|move|p2a: Listen2UAllDay|Hidden Power|p1a: Celebi
|-supereffective|p1a: Celebi
|-damage|p1a: Celebi|0 fnt
|faint|p1a: Celebi
|
|t:|1729466230
|switch|p1a: Gorebyss|Gorebyss, M|100/100
|
|upkeep
|turn|12
|
|t:|1729466237
|move|p2a: Listen2UAllDay|Hidden Power|p1a: Gorebyss
|-damage|p1a: Gorebyss|18/100
|move|p1a: Gorebyss|Rain Dance|p1a: Gorebyss
|-weather|RainDance
|
|-weather|RainDance|[upkeep]
|-heal|p1a: Gorebyss|24/100|[from] item: Leftovers
|upkeep
|turn|13
|
|t:|1729466249
|move|p1a: Gorebyss|Ice Beam|p2a: Listen2UAllDay
|-supereffective|p2a: Listen2UAllDay
|-damage|p2a: Listen2UAllDay|0 fnt
|faint|p2a: Listen2UAllDay
|
|t:|1729466251
|switch|p2a: Replay|Snorlax, F, shiny|100/100
|-damage|p2a: Replay|84/100|[from] Spikes
|
|-weather|RainDance|[upkeep]
|-heal|p1a: Gorebyss|30/100|[from] item: Leftovers
|-heal|p2a: Replay|90/100|[from] item: Leftovers
|upkeep
|turn|14
|
|t:|1729466259
|move|p1a: Gorebyss|Surf|p2a: Replay
|-damage|p2a: Replay|49/100
|move|p2a: Replay|Body Slam|p1a: Gorebyss
|-damage|p1a: Gorebyss|0 fnt
|faint|p1a: Gorebyss
|
|t:|1729466265
|switch|p1a: Metagross|Metagross|43/100
|
|-weather|RainDance|[upkeep]
|-heal|p1a: Metagross|49/100|[from] item: Leftovers
|-heal|p2a: Replay|55/100|[from] item: Leftovers
|upkeep
|turn|15
|
|t:|1729466272
|switch|p2a: All Day|Gyarados, F|100/100
|-ability|p2a: All Day|Intimidate|boost
|-fail|p1a: Metagross|unboost|[from] ability: Clear Body|[of] p1a: Metagross
|move|p1a: Metagross|Meteor Mash|p2a: All Day
|-resisted|p2a: All Day
|-damage|p2a: All Day|70/100
|-boost|p1a: Metagross|atk|1
|
|-weather|RainDance|[upkeep]
|-heal|p2a: All Day|76/100|[from] item: Leftovers
|-heal|p1a: Metagross|56/100|[from] item: Leftovers
|upkeep
|turn|16
|
|t:|1729466284
|move|p2a: All Day|Dragon Dance|p2a: All Day
|-boost|p2a: All Day|atk|1
|-boost|p2a: All Day|spe|1
|move|p1a: Metagross|Agility|p1a: Metagross
|-boost|p1a: Metagross|spe|2
|
|-weather|none
|-heal|p1a: Metagross|62/100|[from] item: Leftovers
|-heal|p2a: All Day|82/100|[from] item: Leftovers
|upkeep
|turn|17
|
|t:|1729466294
|move|p1a: Metagross|Rock Slide|p2a: All Day
|-supereffective|p2a: All Day
|-damage|p2a: All Day|0 fnt
|faint|p2a: All Day
|
|t:|1729466299
|switch|p2a: PutUOnRepeat|Steelix, F, shiny|67/100
|-damage|p2a: PutUOnRepeat|50/100|[from] Spikes
|
|-heal|p1a: Metagross|68/100|[from] item: Leftovers
|-heal|p2a: PutUOnRepeat|56/100|[from] item: Leftovers
|upkeep
|turn|18
|inactive|Klird has 270 seconds left.
|
|t:|1729466357
|move|p1a: Metagross|Earthquake|p2a: PutUOnRepeat
|-supereffective|p2a: PutUOnRepeat
|-damage|p2a: PutUOnRepeat|0 fnt
|faint|p2a: PutUOnRepeat
|
|t:|1729466366
|switch|p2a: Turn it up|Tyranitar, F, shiny|100/100
|-damage|p2a: Turn it up|84/100|[from] Spikes
|-weather|Sandstorm|[from] ability: Sand Stream|[of] p2a: Turn it up
|
|-weather|Sandstorm|[upkeep]
|-heal|p1a: Metagross|74/100|[from] item: Leftovers
|-heal|p2a: Turn it up|90/100|[from] item: Leftovers
|upkeep
|turn|19
|
|t:|1729466382
|move|p1a: Metagross|Earthquake|p2a: Turn it up
|-supereffective|p2a: Turn it up
|-damage|p2a: Turn it up|0 fnt
|faint|p2a: Turn it up
|
|t:|1729466387
|switch|p2a: Replay|Snorlax, F, shiny|55/100
|-damage|p2a: Replay|38/100|[from] Spikes
|
|-weather|Sandstorm|[upkeep]
|-damage|p2a: Replay|32/100|[from] Sandstorm
|-heal|p1a: Metagross|80/100|[from] item: Leftovers
|-heal|p2a: Replay|38/100|[from] item: Leftovers
|upkeep
|turn|20
|c|☆Klird|welp
|
|t:|1729466396
|move|p1a: Metagross|Meteor Mash|p2a: Replay
|-damage|p2a: Replay|0 fnt
|faint|p2a: Replay
|
|t:|1729466398
|switch|p2a: Turn it down|Magneton, shiny|100/100
|-damage|p2a: Turn it down|84/100|[from] Spikes
|
|-weather|Sandstorm|[upkeep]
|-heal|p1a: Metagross|86/100|[from] item: Leftovers
|upkeep
|turn|21
|c|☆Klird|gg
|c|☆gooball99|Unlucky
|
|t:|1729466419
|move|p1a: Metagross|Earthquake|p2a: Turn it down
|-supereffective|p2a: Turn it down
|-damage|p2a: Turn it down|0 fnt
|faint|p2a: Turn it down
|
|win|gooball99
|c|☆Klird|nah, could have played it better, you totally deserved it
|c|☆Klird|ggs
|c|☆gooball99|GGs, well played

</script>
<script type="application/json" class="data" id="replaydata-smogtours-gen3ou-800964">
{"id":"smogtours-gen3ou-800964","format":"[Gen 3] OU","players":["gooball99","Klird"],"uploadtime":1729466419,"views":109,"formatid":"gen3ou","rating":null,"private":0,"password":null}
</script>

<script defer src="js/replays.js?9d40a366"></script>
