<!DOCTYPE html>
<meta charset="utf-8" />
<meta name="viewport" content="width=device-width" />

<title>[Gen 3] OU: naisuneicha vs. Segale - Replays - Pok&eacute;mon Showdown!</title>

<meta name="description" content="Watch a replay of a Pok&eacute;mon battle between naisuneicha and Segale! Format: [Gen 3] OU; Date: Nov 14, 2024" />
<!--

Hey, you! Looking in the source for the replay log?

You can find them in JSON format, just add `.json` at the end of a replay URL.

https://replay.pokemonshowdown.com/gen7randomdoublesbattle-865046831.json

Or, if you only need the log itself, add `.log` instead:

https://replay.pokemonshowdown.com/gen7randomdoublesbattle-865046831.log

-->

<link rel="stylesheet" href="//pokemonshowdown.com/style/global.css?0.767286132409787" />
<link rel="stylesheet" href="//play.pokemonshowdown.com/style/font-awesome.css?0.9266228007934947" />
<link rel="stylesheet" href="//play.pokemonshowdown.com/style/battle.css?0.7924700842790926" />
<link rel="stylesheet" href="//play.pokemonshowdown.com/style/utilichart.css?0.8777417872839479" />

<!-- Global site tag (gtag.js) - Google Analytics -->
<script async src="https://www.googletagmanager.com/gtag/js?id=UA-26211653-1"></script>
<script>
  window.dataLayer = window.dataLayer || [];
  function gtag(){dataLayer.push(arguments);}
  gtag('js', new Date());

  gtag('config', 'UA-26211653-1');
</script>
<!-- End Google Analytics -->
<!-- Venatus Ad Manager - Install in <HEAD> of page -->
	<script src="https://hb.vntsm.com/v3/live/ad-manager.min.js" type="text/javascript" data-site-id="642aba63ec9a7b11c3c9c1be" data-mode="scan" async></script>
<!-- / Venatus Ad Manager -->

<style>
	@media (max-width:820px) {
		.battle {
			margin: 0 auto;
		}
		.battle-log {
			margin: 7px auto 0;
			max-width: 640px;
			height: 300px;
			position: static;
		}
	}
	.optgroup {
		display: inline-block;
		line-height: 22px;
		font-size: 10pt;
	}
	.optgroup .button {
		height: 25px;
		padding-top: 0;
		padding-bottom: 0;
	}
	.optgroup button.button {
		padding-left: 12px;
		padding-right: 12px;
	}
	.linklist {
		list-style: none;
		margin: 0.5em 0;
		padding: 0;
	}
	.linklist li {
		padding: 2px 0;
	}
	.sidebar {
		float: left;
		width: 320px;
	}
	.bar-wrapper {
		max-width: 1100px;
		margin: 0 auto;
	}
	.bar-wrapper.has-sidebar {
		max-width: 1430px;
	}
	.mainbar {
		margin: 0;
		padding-right: 1px;
	}
	.mainbar.has-sidebar {
		margin-left: 330px;
	}
	@media (min-width: 1511px) {
		.sidebar {
			width: 400px;
		}
		.bar-wrapper.has-sidebar {
			max-width: 1510px;
		}
		.mainbar.has-sidebar {
			margin-left: 410px;
		}
	}
	.section.first-section {
		margin-top: 9px;
	}
	.blocklink small {
		white-space: normal;
	}
	.button {
		vertical-align: middle;
	}
	.replay-controls {
		padding-top: 10px;
	}
	.replay-controls h1 {
		font-size: 16pt;
		font-weight: normal;
		color: #CCC;
	}
	.pagelink {
		text-align: center;
	}
	.pagelink a {
		width: 150px;
	}
	.textbox, .button {
		font-size: 11pt;
		vertical-align: middle;
	}
	@media (max-width: 450px) {
		.button {
			font-size: 9pt;
		}
	}
</style>

<div>

	<header>
		<div class="nav-wrapper"><ul class="nav">
			<li><a class="button nav-first" href="//pokemonshowdown.com/"><img src="//pokemonshowdown.com/images/pokemonshowdownbeta.png" srcset="//pokemonshowdown.com/images/pokemonshowdownbeta.png 1x, //pokemonshowdown.com/images/pokemonshowdownbeta@2x.png 2x" alt="Pok&eacute;mon Showdown" width="146" height="44" /> Home</a></li>
			<li><a class="button" href="//pokemonshowdown.com/dex/">Pok&eacute;dex</a></li>
			<li><a class="button cur" href="/">Replays</a></li>
			<li><a class="button" href="//pokemonshowdown.com/ladder/">Ladder</a></li>
			<li><a class="button nav-last" href="//pokemonshowdown.com/forums/">Forum</a></li>
			<li><a class="button greenbutton nav-first nav-last" href="//play.pokemonshowdown.com/">Play</a></li>
		</ul></div>
	</header>

	<div class="main" id="main">

		<noscript><section class="section">You need to enable JavaScript to use this page; sorry!</section></noscript>

	</div>

</div>

<script defer nomodule src="//play.pokemonshowdown.com/js/lib/ps-polyfill.js"></script>
<script defer src="//play.pokemonshowdown.com/js/lib/preact.min.js"></script>

<script defer src="//play.pokemonshowdown.com/config/config.js?6dec07f6"></script>
<script defer src="//play.pokemonshowdown.com/js/lib/jquery-1.11.0.min.js"></script>
<script defer src="//play.pokemonshowdown.com/js/lib/html-sanitizer-minified.js"></script>
<script defer src="//play.pokemonshowdown.com/js/battle-sound.js"></script>
<script defer src="//play.pokemonshowdown.com/js/battledata.js?0.6315294753075389"></script>
<script defer src="//play.pokemonshowdown.com/data/pokedex-mini.js?0.7603743185311358"></script>
<script defer src="//play.pokemonshowdown.com/data/pokedex-mini-bw.js?0.030888842834281283"></script>
<script defer src="//play.pokemonshowdown.com/data/graphics.js?0.05593094747507488"></script>
<script defer src="//play.pokemonshowdown.com/data/pokedex.js?0.47064822249611904"></script>
<script defer src="//play.pokemonshowdown.com/data/moves.js?0.8583693120512459"></script>
<script defer src="//play.pokemonshowdown.com/data/abilities.js?0.16017181182386842"></script>
<script defer src="//play.pokemonshowdown.com/data/items.js?0.4163379185673943"></script>
<script defer src="//play.pokemonshowdown.com/data/teambuilder-tables.js?0.31075597372830477"></script>
<script defer src="//play.pokemonshowdown.com/js/battle-tooltips.js?0.6536193500708172"></script>
<script defer src="//play.pokemonshowdown.com/js/battle.js?0.1916591943277901"></script>

<script defer src="js/utils.js?e31f9a17"></script>
<script defer src="js/replays-battle.js?7008c182"></script>

<!-- don't scrape this data! just add .json or .log after the URL!
Full API docs: https://github.com/smogon/pokemon-showdown-client/blob/master/WEB-API.md -->
<script type="text/plain" class="log" id="replaylog-smogtours-gen3ou-806242">
|inactive|Battle timer is ON: inactive players will automatically lose when time's up.
|t:|1731607596
|gametype|singles
|player|p1|naisuneicha|karen|
|player|p2|Segale|blue|
|teamsize|p1|6
|teamsize|p2|6
|gen|3
|tier|[Gen 3] OU
|rule|Sleep Clause Mod: Limit one foe put to sleep
|rule|Switch Priority Clause Mod: Faster Pokémon switch first
|rule|Species Clause: Limit one of each Pokémon
|rule|OHKO Clause: OHKO moves are banned
|rule|Evasion Items Clause: Evasion items are banned
|rule|Evasion Moves Clause: Evasion moves are banned
|rule|Endless Battle Clause: Forcing endless battles is banned
|rule|HP Percentage Mod: HP is shown in percentages
|rule|One Boost Passer Clause: Limit one Baton Passer that has a way to boost its stats
|rule|Freeze Clause Mod: Limit one foe frozen
|
|t:|1731607596
|start
|switch|p1a: Zapdos|Zapdos|100/100
|switch|p2a: Suicune|Suicune|100/100
|turn|1
|
|t:|1731607606
|move|p1a: Zapdos|Agility|p1a: Zapdos
|-boost|p1a: Zapdos|spe|2
|move|p2a: Suicune|Ice Beam|p1a: Zapdos
|-supereffective|p1a: Zapdos
|-damage|p1a: Zapdos|42/100
|
|-heal|p1a: Zapdos|48/100|[from] item: Leftovers
|upkeep
|turn|2
|inactive|naisuneicha has 270 seconds left.
|c|☆Segale|test
|
|t:|1731607653
|move|p1a: Zapdos|Baton Pass|p1a: Zapdos
|
|t:|1731607655
|switch|p1a: Celebi|Celebi|100/100|[from] Baton Pass
|move|p2a: Suicune|Ice Beam|p1a: Celebi
|-supereffective|p1a: Celebi
|-damage|p1a: Celebi|52/100
|
|-heal|p1a: Celebi|58/100|[from] item: Leftovers
|upkeep
|turn|3
|
|t:|1731607665
|switch|p2a: Metagross|Metagross|100/100
|move|p1a: Celebi|Leech Seed|p2a: Metagross
|-start|p2a: Metagross|move: Leech Seed
|
|-heal|p1a: Celebi|64/100|[from] item: Leftovers
|-damage|p2a: Metagross|88/100|[from] Leech Seed|[of] p1a: Celebi
|-heal|p1a: Celebi|75/100|[silent]
|upkeep
|turn|4
|inactive|naisuneicha has 270 seconds left.
|inactive|naisuneicha has 240 seconds left.
|
|t:|1731607727
|move|p1a: Celebi|Recover|p1a: Celebi
|-heal|p1a: Celebi|100/100
|move|p2a: Metagross|Meteor Mash|p1a: Celebi
|-damage|p1a: Celebi|60/100
|
|-heal|p1a: Celebi|66/100|[from] item: Leftovers
|-heal|p2a: Metagross|94/100|[from] item: Leftovers
|-damage|p2a: Metagross|82/100|[from] Leech Seed|[of] p1a: Celebi
|-heal|p1a: Celebi|77/100|[silent]
|upkeep
|turn|5
|inactive|naisuneicha has 210 seconds left.
|
|t:|1731607769
|move|p1a: Celebi|Psychic|p2a: Metagross
|-resisted|p2a: Metagross
|-damage|p2a: Metagross|74/100
|move|p2a: Metagross|Meteor Mash|p1a: Celebi
|-damage|p1a: Celebi|37/100
|
|-heal|p1a: Celebi|43/100|[from] item: Leftovers
|-heal|p2a: Metagross|80/100|[from] item: Leftovers
|-damage|p2a: Metagross|68/100|[from] Leech Seed|[of] p1a: Celebi
|-heal|p1a: Celebi|54/100|[silent]
|upkeep
|turn|6
|
|t:|1731607774
|move|p1a: Celebi|Recover|p1a: Celebi
|-heal|p1a: Celebi|100/100
|move|p2a: Metagross|Explosion|p1a: Celebi
|-damage|p1a: Celebi|0 fnt
|faint|p2a: Metagross
|faint|p1a: Celebi
|
|t:|1731607790
|switch|p1a: Medicham|Medicham, M|100/100
|switch|p2a: Starmie|Starmie|100/100
|
|upkeep
|turn|7
|
|t:|1731607803
|switch|p2a: Zapdos|Zapdos|100/100
|move|p1a: Medicham|Shadow Ball|p2a: Zapdos
|-damage|p2a: Zapdos|60/100
|
|-heal|p2a: Zapdos|66/100|[from] item: Leftovers
|upkeep
|turn|8
|
|t:|1731607810
|switch|p1a: Claydol|Claydol|100/100
|move|p2a: Zapdos|Thunderbolt|p1a: Claydol
|-immune|p1a: Claydol
|
|-heal|p2a: Zapdos|72/100|[from] item: Leftovers
|upkeep
|turn|9
|
|t:|1731607828
|switch|p1a: Zapdos|Zapdos|48/100
|move|p2a: Zapdos|Hidden Power|p1a: Zapdos
|-resisted|p1a: Zapdos
|-damage|p1a: Zapdos|36/100
|
|-heal|p2a: Zapdos|78/100|[from] item: Leftovers
|-heal|p1a: Zapdos|42/100|[from] item: Leftovers
|upkeep
|turn|10
|
|t:|1731607839
|switch|p1a: Claydol|Claydol|100/100
|move|p2a: Zapdos|Thunderbolt|p1a: Claydol
|-immune|p1a: Claydol
|
|-heal|p2a: Zapdos|84/100|[from] item: Leftovers
|upkeep
|turn|11
|
|t:|1731607842
|move|p2a: Zapdos|Baton Pass|p2a: Zapdos
|
|t:|1731607844
|switch|p2a: Suicune|Suicune|100/100|[from] Baton Pass
|move|p1a: Claydol|Explosion|p2a: Suicune
|-damage|p2a: Suicune|0 fnt
|faint|p1a: Claydol
|faint|p2a: Suicune
|inactive|naisuneicha has 210 seconds left.
|
|t:|1731607859
|switch|p2a: Zapdos|Zapdos|84/100
|switch|p1a: Medicham|Medicham, M|100/100
|
|-heal|p2a: Zapdos|90/100|[from] item: Leftovers
|upkeep
|turn|12
|inactive|naisuneicha has 210 seconds left.
|inactive|naisuneicha has 180 seconds left.
|
|t:|1731607901
|switch|p1a: Tyranitar|Tyranitar, M|100/100
|-weather|Sandstorm|[from] ability: Sand Stream|[of] p1a: Tyranitar
|move|p2a: Zapdos|Thunderbolt|p1a: Tyranitar
|-damage|p1a: Tyranitar|48/100
|
|-weather|Sandstorm|[upkeep]
|-damage|p2a: Zapdos|84/100|[from] Sandstorm
|-heal|p2a: Zapdos|90/100|[from] item: Leftovers
|upkeep
|turn|13
|inactive|naisuneicha has 180 seconds left.
|c|☆naisuneicha|oof modest hurts 
|
|t:|1731607928
|move|p2a: Zapdos|Thunderbolt|p1a: Tyranitar
|-damage|p1a: Tyranitar|0 fnt
|faint|p1a: Tyranitar
|
|t:|1731607935
|switch|p1a: Medicham|Medicham, M|100/100
|
|-weather|Sandstorm|[upkeep]
|-damage|p2a: Zapdos|84/100|[from] Sandstorm
|-damage|p1a: Medicham|94/100|[from] Sandstorm
|-heal|p2a: Zapdos|90/100|[from] item: Leftovers
|-heal|p1a: Medicham|100/100|[from] item: Leftovers
|upkeep
|turn|14
|
|t:|1731607941
|move|p2a: Zapdos|Thunderbolt|p1a: Medicham
|-damage|p1a: Medicham|15/100
|move|p1a: Medicham|Rock Slide|p2a: Zapdos
|-supereffective|p2a: Zapdos
|-damage|p2a: Zapdos|6/100
|
|-weather|Sandstorm|[upkeep]
|-damage|p2a: Zapdos|0 fnt|[from] Sandstorm
|-damage|p1a: Medicham|9/100|[from] Sandstorm
|faint|p2a: Zapdos
|-heal|p1a: Medicham|15/100|[from] item: Leftovers
|upkeep
|
|t:|1731607944
|switch|p2a: Starmie|Starmie|100/100
|turn|15
|inactive|naisuneicha has 180 seconds left.
|
|t:|1731607977
|switch|p1a: Zapdos|Zapdos|42/100
|move|p2a: Starmie|Thunderbolt|p1a: Zapdos
|-damage|p1a: Zapdos|15/100
|
|-weather|Sandstorm|[upkeep]
|-damage|p2a: Starmie|94/100|[from] Sandstorm
|-damage|p1a: Zapdos|9/100|[from] Sandstorm
|-heal|p2a: Starmie|100/100|[from] item: Leftovers
|-heal|p1a: Zapdos|15/100|[from] item: Leftovers
|upkeep
|turn|16
|
|t:|1731607985
|move|p2a: Starmie|Thunderbolt|p1a: Zapdos
|-damage|p1a: Zapdos|0 fnt
|faint|p1a: Zapdos
|
|t:|1731607990
|switch|p1a: Suicune|Suicune|100/100
|
|-weather|Sandstorm|[upkeep]
|-damage|p2a: Starmie|94/100|[from] Sandstorm
|-damage|p1a: Suicune|94/100|[from] Sandstorm
|-heal|p2a: Starmie|100/100|[from] item: Leftovers
|-heal|p1a: Suicune|100/100|[from] item: Leftovers
|upkeep
|turn|17
|
|t:|1731607994
|move|p2a: Starmie|Thunderbolt|p1a: Suicune
|-supereffective|p1a: Suicune
|-crit|p1a: Suicune
|-damage|p1a: Suicune|15/100
|move|p1a: Suicune|Roar|p2a: Starmie
|drag|p2a: Tyranitar|Tyranitar, F|100/100
|
|-weather|Sandstorm|[upkeep]
|-damage|p1a: Suicune|9/100|[from] Sandstorm
|-heal|p1a: Suicune|15/100|[from] item: Leftovers
|upkeep
|turn|18
|inactive|naisuneicha has 180 seconds left.
|
|t:|1731608003
|move|p2a: Tyranitar|Dragon Dance|p2a: Tyranitar
|-boost|p2a: Tyranitar|atk|1
|-boost|p2a: Tyranitar|spe|1
|move|p1a: Suicune|Rest|p1a: Suicune
|-status|p1a: Suicune|slp|[from] move: Rest
|-heal|p1a: Suicune|100/100 slp|[silent]
|
|-weather|Sandstorm|[upkeep]
|-damage|p1a: Suicune|94/100 slp|[from] Sandstorm
|-heal|p1a: Suicune|100/100 slp|[from] item: Leftovers
|upkeep
|turn|19
|
|t:|1731608005
|move|p2a: Tyranitar|Double-Edge|p1a: Suicune
|-damage|p1a: Suicune|63/100 slp
|-damage|p2a: Tyranitar|86/100|[from] Recoil|[of] p1a: Suicune
|cant|p1a: Suicune|slp
|
|-weather|Sandstorm|[upkeep]
|-damage|p1a: Suicune|57/100 slp|[from] Sandstorm
|-heal|p1a: Suicune|63/100 slp|[from] item: Leftovers
|upkeep
|turn|20
|
|t:|1731608008
|move|p2a: Tyranitar|Double-Edge|p1a: Suicune
|-damage|p1a: Suicune|29/100 slp
|-damage|p2a: Tyranitar|73/100|[from] Recoil|[of] p1a: Suicune
|cant|p1a: Suicune|slp
|
|-weather|Sandstorm|[upkeep]
|-damage|p1a: Suicune|23/100 slp|[from] Sandstorm
|-heal|p1a: Suicune|29/100 slp|[from] item: Leftovers
|upkeep
|turn|21
|
|t:|1731608011
|move|p2a: Tyranitar|Double-Edge|p1a: Suicune
|-damage|p1a: Suicune|0 fnt
|-damage|p2a: Tyranitar|62/100|[from] Recoil|[of] p1a: Suicune
|faint|p1a: Suicune
|
|t:|1731608012
|switch|p1a: Medicham|Medicham, M|15/100
|
|-weather|Sandstorm|[upkeep]
|-damage|p1a: Medicham|9/100|[from] Sandstorm
|-heal|p1a: Medicham|15/100|[from] item: Leftovers
|upkeep
|turn|22
|
|t:|1731608014
|move|p2a: Tyranitar|Earthquake|p1a: Medicham
|-damage|p1a: Medicham|0 fnt
|faint|p1a: Medicham
|
|win|Segale

</script>
<script type="application/json" class="data" id="replaydata-smogtours-gen3ou-806242">
{"id":"smogtours-gen3ou-806242","format":"[Gen 3] OU","players":["naisuneicha","Segale"],"uploadtime":1731608014,"views":7,"formatid":"gen3ou","rating":null,"private":1,"password":null}
</script>

<script defer src="js/replays.js?9d40a366"></script>
