<!DOCTYPE html>
<meta charset="utf-8" />
<meta name="viewport" content="width=device-width" />

<title>[Gen 3] OU: drogasas vs. DanteADV - Replays - Pok&eacute;mon Showdown!</title>

<meta name="description" content="Watch a replay of a Pok&eacute;mon battle between drogasas and DanteADV! Format: [Gen 3] OU; Date: Oct 18, 2024" />
<!--

Hey, you! Looking in the source for the replay log?

You can find them in JSON format, just add `.json` at the end of a replay URL.

https://replay.pokemonshowdown.com/gen7randomdoublesbattle-865046831.json

Or, if you only need the log itself, add `.log` instead:

https://replay.pokemonshowdown.com/gen7randomdoublesbattle-865046831.log

-->

<link rel="stylesheet" href="//pokemonshowdown.com/style/global.css?0.767286132409787" />
<link rel="stylesheet" href="//play.pokemonshowdown.com/style/font-awesome.css?0.9266228007934947" />
<link rel="stylesheet" href="//play.pokemonshowdown.com/style/battle.css?0.7924700842790926" />
<link rel="stylesheet" href="//play.pokemonshowdown.com/style/utilichart.css?0.8777417872839479" />

<!-- Global site tag (gtag.js) - Google Analytics -->
<script async src="https://www.googletagmanager.com/gtag/js?id=UA-26211653-1"></script>
<script>
  window.dataLayer = window.dataLayer || [];
  function gtag(){dataLayer.push(arguments);}
  gtag('js', new Date());

  gtag('config', 'UA-26211653-1');
</script>
<!-- End Google Analytics -->
<!-- Venatus Ad Manager - Install in <HEAD> of page -->
	<script src="https://hb.vntsm.com/v3/live/ad-manager.min.js" type="text/javascript" data-site-id="642aba63ec9a7b11c3c9c1be" data-mode="scan" async></script>
<!-- / Venatus Ad Manager -->

<style>
	@media (max-width:820px) {
		.battle {
			margin: 0 auto;
		}
		.battle-log {
			margin: 7px auto 0;
			max-width: 640px;
			height: 300px;
			position: static;
		}
	}
	.optgroup {
		display: inline-block;
		line-height: 22px;
		font-size: 10pt;
	}
	.optgroup .button {
		height: 25px;
		padding-top: 0;
		padding-bottom: 0;
	}
	.optgroup button.button {
		padding-left: 12px;
		padding-right: 12px;
	}
	.linklist {
		list-style: none;
		margin: 0.5em 0;
		padding: 0;
	}
	.linklist li {
		padding: 2px 0;
	}
	.sidebar {
		float: left;
		width: 320px;
	}
	.bar-wrapper {
		max-width: 1100px;
		margin: 0 auto;
	}
	.bar-wrapper.has-sidebar {
		max-width: 1430px;
	}
	.mainbar {
		margin: 0;
		padding-right: 1px;
	}
	.mainbar.has-sidebar {
		margin-left: 330px;
	}
	@media (min-width: 1511px) {
		.sidebar {
			width: 400px;
		}
		.bar-wrapper.has-sidebar {
			max-width: 1510px;
		}
		.mainbar.has-sidebar {
			margin-left: 410px;
		}
	}
	.section.first-section {
		margin-top: 9px;
	}
	.blocklink small {
		white-space: normal;
	}
	.button {
		vertical-align: middle;
	}
	.replay-controls {
		padding-top: 10px;
	}
	.replay-controls h1 {
		font-size: 16pt;
		font-weight: normal;
		color: #CCC;
	}
	.pagelink {
		text-align: center;
	}
	.pagelink a {
		width: 150px;
	}
	.textbox, .button {
		font-size: 11pt;
		vertical-align: middle;
	}
	@media (max-width: 450px) {
		.button {
			font-size: 9pt;
		}
	}
</style>

<div>

	<header>
		<div class="nav-wrapper"><ul class="nav">
			<li><a class="button nav-first" href="//pokemonshowdown.com/"><img src="//pokemonshowdown.com/images/pokemonshowdownbeta.png" srcset="//pokemonshowdown.com/images/pokemonshowdownbeta.png 1x, //pokemonshowdown.com/images/pokemonshowdownbeta@2x.png 2x" alt="Pok&eacute;mon Showdown" width="146" height="44" /> Home</a></li>
			<li><a class="button" href="//pokemonshowdown.com/dex/">Pok&eacute;dex</a></li>
			<li><a class="button cur" href="/">Replays</a></li>
			<li><a class="button" href="//pokemonshowdown.com/ladder/">Ladder</a></li>
			<li><a class="button nav-last" href="//pokemonshowdown.com/forums/">Forum</a></li>
			<li><a class="button greenbutton nav-first nav-last" href="//play.pokemonshowdown.com/">Play</a></li>
		</ul></div>
	</header>

	<div class="main" id="main">

		<noscript><section class="section">You need to enable JavaScript to use this page; sorry!</section></noscript>

	</div>

</div>

<script defer nomodule src="//play.pokemonshowdown.com/js/lib/ps-polyfill.js"></script>
<script defer src="//play.pokemonshowdown.com/js/lib/preact.min.js"></script>

<script defer src="//play.pokemonshowdown.com/config/config.js?6dec07f6"></script>
<script defer src="//play.pokemonshowdown.com/js/lib/jquery-1.11.0.min.js"></script>
<script defer src="//play.pokemonshowdown.com/js/lib/html-sanitizer-minified.js"></script>
<script defer src="//play.pokemonshowdown.com/js/battle-sound.js"></script>
<script defer src="//play.pokemonshowdown.com/js/battledata.js?0.6315294753075389"></script>
<script defer src="//play.pokemonshowdown.com/data/pokedex-mini.js?0.7603743185311358"></script>
<script defer src="//play.pokemonshowdown.com/data/pokedex-mini-bw.js?0.030888842834281283"></script>
<script defer src="//play.pokemonshowdown.com/data/graphics.js?0.05593094747507488"></script>
<script defer src="//play.pokemonshowdown.com/data/pokedex.js?0.47064822249611904"></script>
<script defer src="//play.pokemonshowdown.com/data/moves.js?0.8583693120512459"></script>
<script defer src="//play.pokemonshowdown.com/data/abilities.js?0.16017181182386842"></script>
<script defer src="//play.pokemonshowdown.com/data/items.js?0.4163379185673943"></script>
<script defer src="//play.pokemonshowdown.com/data/teambuilder-tables.js?0.31075597372830477"></script>
<script defer src="//play.pokemonshowdown.com/js/battle-tooltips.js?0.6536193500708172"></script>
<script defer src="//play.pokemonshowdown.com/js/battle.js?0.1916591943277901"></script>

<script defer src="js/utils.js?e31f9a17"></script>
<script defer src="js/replays-battle.js?7008c182"></script>

<!-- don't scrape this data! just add .json or .log after the URL!
Full API docs: https://github.com/smogon/pokemon-showdown-client/blob/master/WEB-API.md -->
<script type="text/plain" class="log" id="replaylog-smogtours-gen3ou-799532">
|inactive|Battle timer is ON: inactive players will automatically lose when time's up.
|t:|1729267206
|gametype|singles
|player|p1|drogasas|2|
|player|p2|DanteADV|fisherman-gen4|
|teamsize|p1|6
|teamsize|p2|6
|gen|3
|tier|[Gen 3] OU
|rule|Sleep Clause Mod: Limit one foe put to sleep
|rule|Switch Priority Clause Mod: Faster Pokémon switch first
|rule|Species Clause: Limit one of each Pokémon
|rule|OHKO Clause: OHKO moves are banned
|rule|Evasion Items Clause: Evasion items are banned
|rule|Evasion Moves Clause: Evasion moves are banned
|rule|Endless Battle Clause: Forcing endless battles is banned
|rule|HP Percentage Mod: HP is shown in percentages
|rule|One Boost Passer Clause: Limit one Baton Passer that has a way to boost its stats
|rule|Freeze Clause Mod: Limit one foe frozen
|
|t:|1729267206
|start
|switch|p1a: Snorlax|Snorlax, M|100/100
|switch|p2a: Tyranitar|Tyranitar, F|100/100
|-weather|Sandstorm|[from] ability: Sand Stream|[of] p2a: Tyranitar
|turn|1
|inactive|drogasas has 270 seconds left.
|
|t:|1729267253
|switch|p1a: Suicune|Suicune|100/100
|move|p2a: Tyranitar|Rock Slide|p1a: Suicune
|-damage|p1a: Suicune|68/100
|
|-weather|Sandstorm|[upkeep]
|-damage|p1a: Suicune|62/100|[from] Sandstorm
|-heal|p1a: Suicune|68/100|[from] item: Leftovers
|upkeep
|turn|2
|
|t:|1729267267
|switch|p2a: Glalie|Glalie, F|100/100
|move|p1a: Suicune|Hydro Pump|p2a: Glalie|[miss]
|-miss|p1a: Suicune|p2a: Glalie
|
|-weather|Sandstorm|[upkeep]
|-damage|p2a: Glalie|94/100|[from] Sandstorm
|-damage|p1a: Suicune|62/100|[from] Sandstorm
|-heal|p2a: Glalie|100/100|[from] item: Leftovers
|-heal|p1a: Suicune|68/100|[from] item: Leftovers
|upkeep
|turn|3
|
|t:|1729267279
|switch|p1a: Houndoom|Houndoom, M|100/100
|move|p2a: Glalie|Spikes|p1a: Houndoom
|-sidestart|p1: drogasas|Spikes
|
|-weather|Sandstorm|[upkeep]
|-damage|p2a: Glalie|94/100|[from] Sandstorm
|-damage|p1a: Houndoom|94/100|[from] Sandstorm
|-heal|p2a: Glalie|100/100|[from] item: Leftovers
|-heal|p1a: Houndoom|100/100|[from] item: Leftovers
|upkeep
|turn|4
|inactive|DanteADV has 270 seconds left.
|
|t:|1729267316
|move|p2a: Glalie|Earthquake|p1a: Houndoom
|-supereffective|p1a: Houndoom
|-damage|p1a: Houndoom|7/100
|move|p1a: Houndoom|Will-O-Wisp|p2a: Glalie
|-status|p2a: Glalie|brn
|
|-weather|Sandstorm|[upkeep]
|-damage|p2a: Glalie|94/100 brn|[from] Sandstorm
|-damage|p1a: Houndoom|0 fnt|[from] Sandstorm
|faint|p1a: Houndoom
|-heal|p2a: Glalie|100/100 brn|[from] item: Leftovers
|-damage|p2a: Glalie|88/100 brn|[from] brn
|upkeep
|
|t:|1729267337
|switch|p1a: Snorlax|Snorlax, M|100/100
|-damage|p1a: Snorlax|88/100|[from] Spikes
|turn|5
|
|t:|1729267347
|-singleturn|p1a: Snorlax|move: Focus Punch
|move|p2a: Glalie|Spikes|p1a: Snorlax
|-sidestart|p1: drogasas|Spikes
|move|p1a: Snorlax|Focus Punch|p2a: Glalie
|-supereffective|p2a: Glalie
|-damage|p2a: Glalie|0 fnt
|faint|p2a: Glalie
|inactive|DanteADV has 270 seconds left.
|
|t:|1729267375
|switch|p2a: Tyranitar|Tyranitar, F|100/100
|
|-weather|Sandstorm|[upkeep]
|-damage|p1a: Snorlax|82/100|[from] Sandstorm
|-heal|p1a: Snorlax|88/100|[from] item: Leftovers
|upkeep
|turn|6
|
|t:|1729267384
|switch|p1a: Donphan|Donphan, M|100/100
|-damage|p1a: Donphan|84/100|[from] Spikes
|move|p2a: Tyranitar|Dragon Dance|p2a: Tyranitar
|-boost|p2a: Tyranitar|atk|1
|-boost|p2a: Tyranitar|spe|1
|
|-weather|Sandstorm|[upkeep]
|-heal|p1a: Donphan|90/100|[from] item: Leftovers
|upkeep
|turn|7
|
|t:|1729267409
|move|p2a: Tyranitar|Hidden Power|p1a: Donphan
|-supereffective|p1a: Donphan
|-damage|p1a: Donphan|39/100
|move|p1a: Donphan|Rapid Spin|p2a: Tyranitar
|-resisted|p2a: Tyranitar
|-crit|p2a: Tyranitar
|-damage|p2a: Tyranitar|96/100
|-sideend|p1: drogasas|Spikes|[from] move: Rapid Spin|[of] p1a: Donphan
|
|-weather|Sandstorm|[upkeep]
|-heal|p2a: Tyranitar|100/100|[from] item: Leftovers
|-heal|p1a: Donphan|46/100|[from] item: Leftovers
|upkeep
|turn|8
|inactive|drogasas has 270 seconds left.
|inactive|DanteADV has 240 seconds left.
|
|t:|1729267457
|switch|p1a: Salamence|Salamence, M|100/100
|-ability|p1a: Salamence|Intimidate|boost
|-unboost|p2a: Tyranitar|atk|1
|move|p2a: Tyranitar|Hidden Power|p1a: Salamence
|-resisted|p1a: Salamence
|-damage|p1a: Salamence|95/100
|
|-weather|Sandstorm|[upkeep]
|-damage|p1a: Salamence|89/100|[from] Sandstorm
|-heal|p1a: Salamence|95/100|[from] item: Leftovers
|upkeep
|turn|9
|inactive|DanteADV has 240 seconds left.
|
|t:|1729267469
|move|p1a: Salamence|Dragon Dance|p1a: Salamence
|-boost|p1a: Salamence|atk|1
|-boost|p1a: Salamence|spe|1
|move|p2a: Tyranitar|Rock Slide|p1a: Salamence|[miss]
|-miss|p2a: Tyranitar|p1a: Salamence
|
|-weather|Sandstorm|[upkeep]
|-damage|p1a: Salamence|89/100|[from] Sandstorm
|-heal|p1a: Salamence|95/100|[from] item: Leftovers
|upkeep
|turn|10
|inactive|DanteADV has 240 seconds left.
|
|t:|1729267478
|switch|p2a: Swampert|Swampert, F|100/100
|move|p1a: Salamence|Earthquake|p2a: Swampert
|-damage|p2a: Swampert|46/100
|
|-weather|Sandstorm|[upkeep]
|-damage|p1a: Salamence|89/100|[from] Sandstorm
|-heal|p1a: Salamence|95/100|[from] item: Leftovers
|-heal|p2a: Swampert|52/100|[from] item: Leftovers
|upkeep
|turn|11
|inactive|DanteADV has 240 seconds left.
|inactive|drogasas has 240 seconds left.
|inactive|drogasas has 210 seconds left.
|
|t:|1729267552
|move|p1a: Salamence|Earthquake|p2a: Swampert
|-damage|p2a: Swampert|0 fnt
|faint|p2a: Swampert
|
|t:|1729267572
|switch|p2a: Tyranitar|Tyranitar, F|100/100
|
|-weather|Sandstorm|[upkeep]
|-damage|p1a: Salamence|89/100|[from] Sandstorm
|-heal|p1a: Salamence|95/100|[from] item: Leftovers
|upkeep
|turn|12
|inactive|drogasas has 210 seconds left.
|
|t:|1729267581
|move|p1a: Salamence|Earthquake|p2a: Tyranitar
|-supereffective|p2a: Tyranitar
|-damage|p2a: Tyranitar|8/100
|move|p2a: Tyranitar|Rock Slide|p1a: Salamence
|-supereffective|p1a: Salamence
|-damage|p1a: Salamence|8/100
|
|-weather|Sandstorm|[upkeep]
|-damage|p1a: Salamence|2/100|[from] Sandstorm
|-heal|p1a: Salamence|8/100|[from] item: Leftovers
|-heal|p2a: Tyranitar|14/100|[from] item: Leftovers
|upkeep
|turn|13
|
|t:|1729267596
|move|p1a: Salamence|Earthquake|p2a: Tyranitar
|-supereffective|p2a: Tyranitar
|-damage|p2a: Tyranitar|0 fnt
|faint|p2a: Tyranitar
|inactive|DanteADV has 210 seconds left.
|
|t:|1729267633
|switch|p2a: Metagross|Metagross|100/100
|
|-weather|Sandstorm|[upkeep]
|-damage|p1a: Salamence|2/100|[from] Sandstorm
|-heal|p1a: Salamence|8/100|[from] item: Leftovers
|upkeep
|turn|14
|
|t:|1729267644
|move|p1a: Salamence|Earthquake|p2a: Metagross
|-supereffective|p2a: Metagross
|-damage|p2a: Metagross|12/100
|move|p2a: Metagross|Rock Slide|p1a: Salamence
|-supereffective|p1a: Salamence
|-damage|p1a: Salamence|0 fnt
|faint|p1a: Salamence
|
|t:|1729267648
|switch|p1a: Magneton|Magneton|100/100
|
|-weather|Sandstorm|[upkeep]
|-heal|p2a: Metagross|19/100|[from] item: Leftovers
|upkeep
|turn|15
|inactive|DanteADV has 210 seconds left.
|
|t:|1729267654
|move|p1a: Magneton|Thunderbolt|p2a: Metagross
|-damage|p2a: Metagross|0 fnt
|faint|p2a: Metagross
|
|t:|1729267658
|switch|p2a: Charizard|Charizard, F|100/100
|
|-weather|Sandstorm|[upkeep]
|-damage|p2a: Charizard|94/100|[from] Sandstorm
|-heal|p2a: Charizard|100/100|[from] item: Leftovers
|upkeep
|turn|16
|
|t:|1729267673
|move|p2a: Charizard|Substitute|p2a: Charizard
|-start|p2a: Charizard|Substitute
|-damage|p2a: Charizard|76/100
|move|p1a: Magneton|Thunderbolt|p2a: Charizard
|-supereffective|p2a: Charizard
|-end|p2a: Charizard|Substitute
|
|-weather|Sandstorm|[upkeep]
|-damage|p2a: Charizard|70/100|[from] Sandstorm
|-heal|p2a: Charizard|76/100|[from] item: Leftovers
|upkeep
|turn|17
|
|t:|1729267676
|move|p2a: Charizard|Fire Blast|p1a: Magneton|[miss]
|-miss|p2a: Charizard|p1a: Magneton
|move|p1a: Magneton|Thunderbolt|p2a: Charizard
|-supereffective|p2a: Charizard
|-damage|p2a: Charizard|0 fnt
|faint|p2a: Charizard
|
|t:|1729267679
|switch|p2a: Magneton|Magneton|100/100
|
|-weather|Sandstorm|[upkeep]
|upkeep
|turn|18
|inactive|drogasas has 270 seconds left.
|c|☆DanteADV|man the rs miss sucks
|c|☆DanteADV|gg tho
|c|☆drogasas|mb
|c|☆drogasas|gg
|
|t:|1729267692
|move|p2a: Magneton|Thunderbolt|p1a: Magneton
|-resisted|p1a: Magneton
|-damage|p1a: Magneton|56/100
|move|p1a: Magneton|Thunderbolt|p2a: Magneton
|-resisted|p2a: Magneton
|-damage|p2a: Magneton|46/100
|-status|p2a: Magneton|par
|
|-weather|Sandstorm|[upkeep]
|upkeep
|turn|19
|inactive|drogasas has 270 seconds left.
|inactive|DanteADV has 240 seconds left.
|c|☆drogasas|BRUH
|
|t:|1729267700
|move|p1a: Magneton|Thunderbolt|p2a: Magneton
|-resisted|p2a: Magneton
|-damage|p2a: Magneton|0 fnt
|faint|p2a: Magneton
|
|win|drogasas
|c|☆drogasas|ggs
|player|p2|

</script>
<script type="application/json" class="data" id="replaydata-smogtours-gen3ou-799532">
{"id":"smogtours-gen3ou-799532","format":"[Gen 3] OU","players":["drogasas","DanteADV"],"uploadtime":1729267700,"views":90,"formatid":"gen3ou","rating":null,"private":0,"password":null}
</script>

<script defer src="js/replays.js?9d40a366"></script>
