<!DOCTYPE html>
<meta charset="utf-8" />
<meta name="viewport" content="width=device-width" />

<title>[Gen 3] OU: beignet2 vs. Christos - Replays - Pok&eacute;mon Showdown!</title>

<meta name="description" content="Watch a replay of a Pok&eacute;mon battle between beignet2 and Christos! Format: [Gen 3] OU; Date: Oct 22, 2024" />
<!--

Hey, you! Looking in the source for the replay log?

You can find them in JSON format, just add `.json` at the end of a replay URL.

https://replay.pokemonshowdown.com/gen7randomdoublesbattle-865046831.json

Or, if you only need the log itself, add `.log` instead:

https://replay.pokemonshowdown.com/gen7randomdoublesbattle-865046831.log

-->

<link rel="stylesheet" href="//pokemonshowdown.com/style/global.css?0.767286132409787" />
<link rel="stylesheet" href="//play.pokemonshowdown.com/style/font-awesome.css?0.9266228007934947" />
<link rel="stylesheet" href="//play.pokemonshowdown.com/style/battle.css?0.7924700842790926" />
<link rel="stylesheet" href="//play.pokemonshowdown.com/style/utilichart.css?0.8777417872839479" />

<!-- Global site tag (gtag.js) - Google Analytics -->
<script async src="https://www.googletagmanager.com/gtag/js?id=UA-26211653-1"></script>
<script>
  window.dataLayer = window.dataLayer || [];
  function gtag(){dataLayer.push(arguments);}
  gtag('js', new Date());

  gtag('config', 'UA-26211653-1');
</script>
<!-- End Google Analytics -->
<!-- Venatus Ad Manager - Install in <HEAD> of page -->
	<script src="https://hb.vntsm.com/v3/live/ad-manager.min.js" type="text/javascript" data-site-id="642aba63ec9a7b11c3c9c1be" data-mode="scan" async></script>
<!-- / Venatus Ad Manager -->

<style>
	@media (max-width:820px) {
		.battle {
			margin: 0 auto;
		}
		.battle-log {
			margin: 7px auto 0;
			max-width: 640px;
			height: 300px;
			position: static;
		}
	}
	.optgroup {
		display: inline-block;
		line-height: 22px;
		font-size: 10pt;
	}
	.optgroup .button {
		height: 25px;
		padding-top: 0;
		padding-bottom: 0;
	}
	.optgroup button.button {
		padding-left: 12px;
		padding-right: 12px;
	}
	.linklist {
		list-style: none;
		margin: 0.5em 0;
		padding: 0;
	}
	.linklist li {
		padding: 2px 0;
	}
	.sidebar {
		float: left;
		width: 320px;
	}
	.bar-wrapper {
		max-width: 1100px;
		margin: 0 auto;
	}
	.bar-wrapper.has-sidebar {
		max-width: 1430px;
	}
	.mainbar {
		margin: 0;
		padding-right: 1px;
	}
	.mainbar.has-sidebar {
		margin-left: 330px;
	}
	@media (min-width: 1511px) {
		.sidebar {
			width: 400px;
		}
		.bar-wrapper.has-sidebar {
			max-width: 1510px;
		}
		.mainbar.has-sidebar {
			margin-left: 410px;
		}
	}
	.section.first-section {
		margin-top: 9px;
	}
	.blocklink small {
		white-space: normal;
	}
	.button {
		vertical-align: middle;
	}
	.replay-controls {
		padding-top: 10px;
	}
	.replay-controls h1 {
		font-size: 16pt;
		font-weight: normal;
		color: #CCC;
	}
	.pagelink {
		text-align: center;
	}
	.pagelink a {
		width: 150px;
	}
	.textbox, .button {
		font-size: 11pt;
		vertical-align: middle;
	}
	@media (max-width: 450px) {
		.button {
			font-size: 9pt;
		}
	}
</style>

<div>

	<header>
		<div class="nav-wrapper"><ul class="nav">
			<li><a class="button nav-first" href="//pokemonshowdown.com/"><img src="//pokemonshowdown.com/images/pokemonshowdownbeta.png" srcset="//pokemonshowdown.com/images/pokemonshowdownbeta.png 1x, //pokemonshowdown.com/images/pokemonshowdownbeta@2x.png 2x" alt="Pok&eacute;mon Showdown" width="146" height="44" /> Home</a></li>
			<li><a class="button" href="//pokemonshowdown.com/dex/">Pok&eacute;dex</a></li>
			<li><a class="button cur" href="/">Replays</a></li>
			<li><a class="button" href="//pokemonshowdown.com/ladder/">Ladder</a></li>
			<li><a class="button nav-last" href="//pokemonshowdown.com/forums/">Forum</a></li>
			<li><a class="button greenbutton nav-first nav-last" href="//play.pokemonshowdown.com/">Play</a></li>
		</ul></div>
	</header>

	<div class="main" id="main">

		<noscript><section class="section">You need to enable JavaScript to use this page; sorry!</section></noscript>

	</div>

</div>

<script defer nomodule src="//play.pokemonshowdown.com/js/lib/ps-polyfill.js"></script>
<script defer src="//play.pokemonshowdown.com/js/lib/preact.min.js"></script>

<script defer src="//play.pokemonshowdown.com/config/config.js?6dec07f6"></script>
<script defer src="//play.pokemonshowdown.com/js/lib/jquery-1.11.0.min.js"></script>
<script defer src="//play.pokemonshowdown.com/js/lib/html-sanitizer-minified.js"></script>
<script defer src="//play.pokemonshowdown.com/js/battle-sound.js"></script>
<script defer src="//play.pokemonshowdown.com/js/battledata.js?0.6315294753075389"></script>
<script defer src="//play.pokemonshowdown.com/data/pokedex-mini.js?0.7603743185311358"></script>
<script defer src="//play.pokemonshowdown.com/data/pokedex-mini-bw.js?0.030888842834281283"></script>
<script defer src="//play.pokemonshowdown.com/data/graphics.js?0.05593094747507488"></script>
<script defer src="//play.pokemonshowdown.com/data/pokedex.js?0.47064822249611904"></script>
<script defer src="//play.pokemonshowdown.com/data/moves.js?0.8583693120512459"></script>
<script defer src="//play.pokemonshowdown.com/data/abilities.js?0.16017181182386842"></script>
<script defer src="//play.pokemonshowdown.com/data/items.js?0.4163379185673943"></script>
<script defer src="//play.pokemonshowdown.com/data/teambuilder-tables.js?0.31075597372830477"></script>
<script defer src="//play.pokemonshowdown.com/js/battle-tooltips.js?0.6536193500708172"></script>
<script defer src="//play.pokemonshowdown.com/js/battle.js?0.1916591943277901"></script>

<script defer src="js/utils.js?e31f9a17"></script>
<script defer src="js/replays-battle.js?7008c182"></script>

<!-- don't scrape this data! just add .json or .log after the URL!
Full API docs: https://github.com/smogon/pokemon-showdown-client/blob/master/WEB-API.md -->
<script type="text/plain" class="log" id="replaylog-smogtours-gen3ou-801232">
|inactive|Battle timer is ON: inactive players will automatically lose when time's up.
|t:|1729621874
|gametype|singles
|player|p1|beignet2|blue-gen3two|
|player|p2|Christos|boarder|
|teamsize|p1|6
|teamsize|p2|6
|gen|3
|tier|[Gen 3] OU
|rule|Sleep Clause Mod: Limit one foe put to sleep
|rule|Switch Priority Clause Mod: Faster Pokémon switch first
|rule|Species Clause: Limit one of each Pokémon
|rule|OHKO Clause: OHKO moves are banned
|rule|Evasion Items Clause: Evasion items are banned
|rule|Evasion Moves Clause: Evasion moves are banned
|rule|Endless Battle Clause: Forcing endless battles is banned
|rule|HP Percentage Mod: HP is shown in percentages
|rule|One Boost Passer Clause: Limit one Baton Passer that has a way to boost its stats
|rule|Freeze Clause Mod: Limit one foe frozen
|
|t:|1729621874
|start
|switch|p1a: ButtonClickerJones|Metagross|100/100
|switch|p2a: Tyranitar|Tyranitar, M|100/100
|-weather|Sandstorm|[from] ability: Sand Stream|[of] p2a: Tyranitar
|turn|1
|c|☆Christos|hf
|c|☆beignet2|you 2
|
|t:|1729621900
|switch|p2a: Forretress|Forretress, F|100/100
|move|p1a: ButtonClickerJones|Meteor Mash|p2a: Forretress
|-resisted|p2a: Forretress
|-damage|p2a: Forretress|69/100
|
|-weather|Sandstorm|[upkeep]
|-heal|p2a: Forretress|75/100|[from] item: Leftovers
|upkeep
|turn|2
|
|t:|1729621912
|move|p1a: ButtonClickerJones|Meteor Mash|p2a: Forretress
|-resisted|p2a: Forretress
|-damage|p2a: Forretress|42/100
|move|p2a: Forretress|Spikes|p1a: ButtonClickerJones
|-sidestart|p1: beignet2|Spikes
|
|-weather|Sandstorm|[upkeep]
|-heal|p2a: Forretress|48/100|[from] item: Leftovers
|upkeep
|turn|3
|
|t:|1729621922
|switch|p2a: Swampert|Swampert, M|100/100
|move|p1a: ButtonClickerJones|Meteor Mash|p2a: Swampert
|-resisted|p2a: Swampert
|-damage|p2a: Swampert|71/100
|
|-weather|Sandstorm|[upkeep]
|-heal|p2a: Swampert|77/100|[from] item: Leftovers
|upkeep
|turn|4
|
|t:|1729621938
|switch|p1a: Naptime|Breloom, M|100/100
|-damage|p1a: Naptime|88/100|[from] Spikes
|move|p2a: Swampert|Ice Beam|p1a: Naptime
|-supereffective|p1a: Naptime
|-damage|p1a: Naptime|15/100
|
|-weather|Sandstorm|[upkeep]
|-damage|p1a: Naptime|9/100|[from] Sandstorm
|-heal|p1a: Naptime|15/100|[from] item: Leftovers
|-heal|p2a: Swampert|83/100|[from] item: Leftovers
|upkeep
|turn|5
|
|t:|1729621957
|move|p2a: Swampert|Protect|p2a: Swampert
|-singleturn|p2a: Swampert|Protect
|move|p1a: Naptime|Spore|p2a: Swampert
|-activate|p2a: Swampert|Protect
|
|-weather|Sandstorm|[upkeep]
|-damage|p1a: Naptime|9/100|[from] Sandstorm
|-heal|p1a: Naptime|15/100|[from] item: Leftovers
|-heal|p2a: Swampert|90/100|[from] item: Leftovers
|upkeep
|turn|6
|
|t:|1729621969
|switch|p2a: Forretress|Forretress, F|48/100
|move|p1a: Naptime|Spore|p2a: Forretress
|-status|p2a: Forretress|slp|[from] move: Spore
|
|-weather|Sandstorm|[upkeep]
|-damage|p1a: Naptime|9/100|[from] Sandstorm
|-heal|p1a: Naptime|15/100|[from] item: Leftovers
|-heal|p2a: Forretress|54/100 slp|[from] item: Leftovers
|upkeep
|turn|7
|
|t:|1729621976
|switch|p1a: Bad Dog|Houndoom, M|100/100
|-damage|p1a: Bad Dog|88/100|[from] Spikes
|switch|p2a: Gengar|Gengar, M|100/100
|
|-weather|Sandstorm|[upkeep]
|-damage|p2a: Gengar|94/100|[from] Sandstorm
|-damage|p1a: Bad Dog|82/100|[from] Sandstorm
|-heal|p2a: Gengar|100/100|[from] item: Leftovers
|-heal|p1a: Bad Dog|88/100|[from] item: Leftovers
|upkeep
|turn|8
|inactive|Christos has 270 seconds left.
|
|t:|1729622004
|move|p2a: Gengar|Explosion|p1a: Bad Dog
|-damage|p1a: Bad Dog|0 fnt
|faint|p2a: Gengar
|faint|p1a: Bad Dog
|inactive|Christos has 270 seconds left.
|
|t:|1729622018
|switch|p2a: Moltres|Moltres|100/100
|switch|p1a: Clever Nickname|Gengar, F|100/100
|
|-weather|Sandstorm|[upkeep]
|-damage|p1a: Clever Nickname|94/100|[from] Sandstorm
|-damage|p2a: Moltres|94/100|[from] Sandstorm
|-heal|p1a: Clever Nickname|100/100|[from] item: Leftovers
|-heal|p2a: Moltres|100/100|[from] item: Leftovers
|upkeep
|turn|9
|inactive|Christos has 270 seconds left.
|
|t:|1729622043
|switch|p2a: Tyranitar|Tyranitar, M|100/100
|move|p1a: Clever Nickname|Hidden Power|p2a: Tyranitar
|-supereffective|p2a: Tyranitar
|-damage|p2a: Tyranitar|60/100
|
|-weather|Sandstorm|[upkeep]
|-damage|p1a: Clever Nickname|94/100|[from] Sandstorm
|-heal|p1a: Clever Nickname|100/100|[from] item: Leftovers
|-heal|p2a: Tyranitar|66/100|[from] item: Leftovers
|upkeep
|turn|10
|
|t:|1729622053
|move|p1a: Clever Nickname|Hidden Power|p2a: Tyranitar
|-supereffective|p2a: Tyranitar
|-damage|p2a: Tyranitar|25/100
|move|p2a: Tyranitar|Crunch|p1a: Clever Nickname
|-supereffective|p1a: Clever Nickname
|-damage|p1a: Clever Nickname|0 fnt
|faint|p1a: Clever Nickname
|
|t:|1729622060
|switch|p1a: Over Easy|Blissey, F|100/100
|-damage|p1a: Over Easy|88/100|[from] Spikes
|
|-weather|Sandstorm|[upkeep]
|-damage|p1a: Over Easy|82/100|[from] Sandstorm
|-heal|p2a: Tyranitar|32/100|[from] item: Leftovers
|-heal|p1a: Over Easy|88/100|[from] item: Leftovers
|upkeep
|turn|11
|inactive|Christos has 270 seconds left.
|
|t:|1729622068
|move|p2a: Tyranitar|Brick Break|p1a: Over Easy
|-supereffective|p1a: Over Easy
|-crit|p1a: Over Easy
|-damage|p1a: Over Easy|0 fnt
|faint|p1a: Over Easy
|
|t:|1729622072
|switch|p1a: ButtonClickerJones|Metagross|100/100
|-damage|p1a: ButtonClickerJones|88/100|[from] Spikes
|
|-weather|Sandstorm|[upkeep]
|-heal|p2a: Tyranitar|38/100|[from] item: Leftovers
|upkeep
|turn|12
|inactive|Christos has 270 seconds left.
|
|t:|1729622095
|move|p1a: ButtonClickerJones|Meteor Mash|p2a: Tyranitar
|-supereffective|p2a: Tyranitar
|-damage|p2a: Tyranitar|0 fnt
|faint|p2a: Tyranitar
|
|t:|1729622103
|switch|p2a: Moltres|Moltres|100/100
|
|-weather|Sandstorm|[upkeep]
|-damage|p2a: Moltres|94/100|[from] Sandstorm
|-heal|p2a: Moltres|100/100|[from] item: Leftovers
|upkeep
|turn|13
|inactive|Christos has 270 seconds left.
|
|t:|1729622109
|move|p2a: Moltres|Flamethrower|p1a: ButtonClickerJones
|-supereffective|p1a: ButtonClickerJones
|-damage|p1a: ButtonClickerJones|0 fnt
|faint|p1a: ButtonClickerJones
|
|t:|1729622112
|switch|p1a: Harmory|Skarmory, M|100/100
|
|-weather|Sandstorm|[upkeep]
|-damage|p2a: Moltres|94/100|[from] Sandstorm
|-heal|p2a: Moltres|100/100|[from] item: Leftovers
|upkeep
|turn|14
|
|t:|1729622118
|move|p2a: Moltres|Flamethrower|p1a: Harmory
|-supereffective|p1a: Harmory
|-damage|p1a: Harmory|3/100
|move|p1a: Harmory|Toxic|p2a: Moltres
|-status|p2a: Moltres|tox
|
|-weather|Sandstorm|[upkeep]
|-damage|p2a: Moltres|94/100 tox|[from] Sandstorm
|-heal|p2a: Moltres|100/100 tox|[from] item: Leftovers
|-damage|p2a: Moltres|94/100 tox|[from] psn
|-heal|p1a: Harmory|9/100|[from] item: Leftovers
|upkeep
|turn|15
|
|t:|1729622123
|move|p1a: Harmory|Protect|p1a: Harmory
|-singleturn|p1a: Harmory|Protect
|move|p2a: Moltres|Flamethrower|p1a: Harmory
|-activate|p1a: Harmory|Protect
|
|-weather|Sandstorm|[upkeep]
|-damage|p2a: Moltres|88/100 tox|[from] Sandstorm
|-heal|p2a: Moltres|94/100 tox|[from] item: Leftovers
|-damage|p2a: Moltres|82/100 tox|[from] psn
|-heal|p1a: Harmory|15/100|[from] item: Leftovers
|upkeep
|turn|16
|
|t:|1729622127
|move|p1a: Harmory|Protect||[still]
|-fail|p1a: Harmory
|move|p2a: Moltres|Flamethrower|p1a: Harmory
|-supereffective|p1a: Harmory
|-damage|p1a: Harmory|0 fnt
|faint|p1a: Harmory
|
|t:|1729622128
|switch|p1a: Naptime|Breloom, M|15/100
|-damage|p1a: Naptime|3/100|[from] Spikes
|
|-weather|Sandstorm|[upkeep]
|-damage|p2a: Moltres|76/100 tox|[from] Sandstorm
|-damage|p1a: Naptime|0 fnt|[from] Sandstorm
|faint|p1a: Naptime
|
|win|Christos
|upkeep
|c|☆Christos|gg
|c|☆Christos|/log Christos made the replay of this battle unlisted.

</script>
<script type="application/json" class="data" id="replaydata-smogtours-gen3ou-801232">
{"id":"smogtours-gen3ou-801232","format":"[Gen 3] OU","players":["beignet2","Christos"],"uploadtime":1729622128,"views":73,"formatid":"gen3ou","rating":null,"private":1,"password":null}
</script>

<script defer src="js/replays.js?9d40a366"></script>
