<!DOCTYPE html>
<meta charset="utf-8" />
<meta name="viewport" content="width=device-width" />

<title>[Gen 3] OU: Darth33 vs. Levy&#039;s Chair - Replays - Pok&eacute;mon Showdown!</title>

<meta name="description" content="Watch a replay of a Pok&eacute;mon battle between Darth33 and Levy&#039;s Chair! Format: [Gen 3] OU; Date: Oct 9, 2024" />
<!--

Hey, you! Looking in the source for the replay log?

You can find them in JSON format, just add `.json` at the end of a replay URL.

https://replay.pokemonshowdown.com/gen7randomdoublesbattle-865046831.json

Or, if you only need the log itself, add `.log` instead:

https://replay.pokemonshowdown.com/gen7randomdoublesbattle-865046831.log

-->

<link rel="stylesheet" href="//pokemonshowdown.com/style/global.css?0.023195364461161105" />
<link rel="stylesheet" href="//play.pokemonshowdown.com/style/font-awesome.css?0.13261647063804238" />
<link rel="stylesheet" href="//play.pokemonshowdown.com/style/battle.css?0.8753245789963631" />
<link rel="stylesheet" href="//play.pokemonshowdown.com/style/utilichart.css?0.8627959624976733" />

<!-- Global site tag (gtag.js) - Google Analytics -->
<script async src="https://www.googletagmanager.com/gtag/js?id=UA-26211653-1"></script>
<script>
  window.dataLayer = window.dataLayer || [];
  function gtag(){dataLayer.push(arguments);}
  gtag('js', new Date());

  gtag('config', 'UA-26211653-1');
</script>
<!-- End Google Analytics -->
<!-- Venatus Ad Manager - Install in <HEAD> of page -->
	<script src="https://hb.vntsm.com/v3/live/ad-manager.min.js" type="text/javascript" data-site-id="642aba63ec9a7b11c3c9c1be" data-mode="scan" async></script>
<!-- / Venatus Ad Manager -->

<style>
	@media (max-width:820px) {
		.battle {
			margin: 0 auto;
		}
		.battle-log {
			margin: 7px auto 0;
			max-width: 640px;
			height: 300px;
			position: static;
		}
	}
	.optgroup {
		display: inline-block;
		line-height: 22px;
		font-size: 10pt;
	}
	.optgroup .button {
		height: 25px;
		padding-top: 0;
		padding-bottom: 0;
	}
	.optgroup button.button {
		padding-left: 12px;
		padding-right: 12px;
	}
	.linklist {
		list-style: none;
		margin: 0.5em 0;
		padding: 0;
	}
	.linklist li {
		padding: 2px 0;
	}
	.sidebar {
		float: left;
		width: 320px;
	}
	.bar-wrapper {
		max-width: 1100px;
		margin: 0 auto;
	}
	.bar-wrapper.has-sidebar {
		max-width: 1430px;
	}
	.mainbar {
		margin: 0;
		padding-right: 1px;
	}
	.mainbar.has-sidebar {
		margin-left: 330px;
	}
	@media (min-width: 1511px) {
		.sidebar {
			width: 400px;
		}
		.bar-wrapper.has-sidebar {
			max-width: 1510px;
		}
		.mainbar.has-sidebar {
			margin-left: 410px;
		}
	}
	.section.first-section {
		margin-top: 9px;
	}
	.blocklink small {
		white-space: normal;
	}
	.button {
		vertical-align: middle;
	}
	.replay-controls {
		padding-top: 10px;
	}
	.replay-controls h1 {
		font-size: 16pt;
		font-weight: normal;
		color: #CCC;
	}
	.pagelink {
		text-align: center;
	}
	.pagelink a {
		width: 150px;
	}
	.textbox, .button {
		font-size: 11pt;
		vertical-align: middle;
	}
	@media (max-width: 450px) {
		.button {
			font-size: 9pt;
		}
	}
</style>

<div>

	<header>
		<div class="nav-wrapper"><ul class="nav">
			<li><a class="button nav-first" href="//pokemonshowdown.com/"><img src="//pokemonshowdown.com/images/pokemonshowdownbeta.png" srcset="//pokemonshowdown.com/images/pokemonshowdownbeta.png 1x, //pokemonshowdown.com/images/pokemonshowdownbeta@2x.png 2x" alt="Pok&eacute;mon Showdown" width="146" height="44" /> Home</a></li>
			<li><a class="button" href="//pokemonshowdown.com/dex/">Pok&eacute;dex</a></li>
			<li><a class="button cur" href="/">Replays</a></li>
			<li><a class="button" href="//pokemonshowdown.com/ladder/">Ladder</a></li>
			<li><a class="button nav-last" href="//pokemonshowdown.com/forums/">Forum</a></li>
			<li><a class="button greenbutton nav-first nav-last" href="//play.pokemonshowdown.com/">Play</a></li>
		</ul></div>
	</header>

	<div class="main" id="main">

		<noscript><section class="section">You need to enable JavaScript to use this page; sorry!</section></noscript>

	</div>

</div>

<script defer nomodule src="//play.pokemonshowdown.com/js/lib/ps-polyfill.js"></script>
<script defer src="//play.pokemonshowdown.com/js/lib/preact.min.js"></script>

<script defer src="//play.pokemonshowdown.com/config/config.js?2bddbc15"></script>
<script defer src="//play.pokemonshowdown.com/js/lib/jquery-1.11.0.min.js"></script>
<script defer src="//play.pokemonshowdown.com/js/lib/html-sanitizer-minified.js"></script>
<script defer src="//play.pokemonshowdown.com/js/battle-sound.js"></script>
<script defer src="//play.pokemonshowdown.com/js/battledata.js?0.7209276989879541"></script>
<script defer src="//play.pokemonshowdown.com/data/pokedex-mini.js?0.6111056340867951"></script>
<script defer src="//play.pokemonshowdown.com/data/pokedex-mini-bw.js?0.3532142036491459"></script>
<script defer src="//play.pokemonshowdown.com/data/graphics.js?0.24223875632456182"></script>
<script defer src="//play.pokemonshowdown.com/data/pokedex.js?0.38839984266356864"></script>
<script defer src="//play.pokemonshowdown.com/data/moves.js?0.21866028504024015"></script>
<script defer src="//play.pokemonshowdown.com/data/abilities.js?0.2005157953846628"></script>
<script defer src="//play.pokemonshowdown.com/data/items.js?0.9894211263848525"></script>
<script defer src="//play.pokemonshowdown.com/data/teambuilder-tables.js?0.6008791140282215"></script>
<script defer src="//play.pokemonshowdown.com/js/battle-tooltips.js?0.7580118955022959"></script>
<script defer src="//play.pokemonshowdown.com/js/battle.js?0.6057722274234274"></script>

<script defer src="js/utils.js?e31f9a17"></script>
<script defer src="js/replays-battle.js?7008c182"></script>

<!-- don't scrape this data! just add .json or .log after the URL!
Full API docs: https://github.com/smogon/pokemon-showdown-client/blob/master/WEB-API.md -->
<script type="text/plain" class="log" id="replaylog-smogtours-gen3ou-796595">
|inactive|Battle timer is ON: inactive players will automatically lose when time's up.
|t:|1728464489
|gametype|singles
|player|p1|Darth33|169|
|player|p2|Levy's Chair|2|
|teamsize|p1|6
|teamsize|p2|6
|gen|3
|tier|[Gen 3] OU
|rule|Sleep Clause Mod: Limit one foe put to sleep
|rule|Switch Priority Clause Mod: Faster Pokémon switch first
|rule|Species Clause: Limit one of each Pokémon
|rule|OHKO Clause: OHKO moves are banned
|rule|Evasion Items Clause: Evasion items are banned
|rule|Evasion Moves Clause: Evasion moves are banned
|rule|Endless Battle Clause: Forcing endless battles is banned
|rule|HP Percentage Mod: HP is shown in percentages
|rule|One Boost Passer Clause: Limit one Baton Passer that has a way to boost its stats
|rule|Freeze Clause Mod: Limit one foe frozen
|
|t:|1728464489
|start
|switch|p1a: Donghua|Medicham, F|100/100
|switch|p2a: Z2|Zapdos|100/100
|turn|1
|c|☆Levy's Chair|hf
|c|☆Darth33|glhf!
|inactive|Darth33 has 270 seconds left.
|inactive|Levy's Chair has 270 seconds left.
|
|t:|1728464547
|switch|p2a: Get Out of My|Swampert, M|100/100
|move|p1a: Donghua|Rock Slide|p2a: Get Out of My
|-resisted|p2a: Get Out of My
|-damage|p2a: Get Out of My|90/100
|
|-heal|p2a: Get Out of My|96/100|[from] item: Leftovers
|upkeep
|turn|2
|
|t:|1728464571
|switch|p1a: Makiling|Celebi|100/100
|move|p2a: Get Out of My|Hydro Pump|p1a: Makiling
|-resisted|p1a: Makiling
|-damage|p1a: Makiling|84/100
|
|-heal|p1a: Makiling|91/100|[from] item: Leftovers
|-heal|p2a: Get Out of My|100/100|[from] item: Leftovers
|upkeep
|turn|3
|c|☆Darth33|should have focused 
|
|t:|1728464590
|switch|p2a: G2|Gyarados, F|100/100
|-ability|p2a: G2|Intimidate|boost
|-unboost|p1a: Makiling|atk|1
|move|p1a: Makiling|Calm Mind|p1a: Makiling
|-boost|p1a: Makiling|spa|1
|-boost|p1a: Makiling|spd|1
|
|-heal|p1a: Makiling|97/100|[from] item: Leftovers
|upkeep
|turn|4
|inactive|Levy's Chair has 270 seconds left.
|
|t:|1728464607
|move|p1a: Makiling|Baton Pass|p1a: Makiling
|
|t:|1728464624
|switch|p1a: Croakcune|Suicune|100/100|[from] Baton Pass
|move|p2a: G2|Hidden Power|p1a: Croakcune
|-damage|p1a: Croakcune|78/100
|
|-heal|p1a: Croakcune|84/100|[from] item: Leftovers
|upkeep
|turn|5
|inactive|Levy's Chair has 270 seconds left.
|
|t:|1728464640
|move|p2a: G2|Toxic|p1a: Croakcune
|-status|p1a: Croakcune|tox
|move|p1a: Croakcune|Calm Mind|p1a: Croakcune
|-boost|p1a: Croakcune|spa|1
|-boost|p1a: Croakcune|spd|1
|
|-heal|p1a: Croakcune|91/100 tox|[from] item: Leftovers
|-damage|p1a: Croakcune|84/100 tox|[from] psn
|upkeep
|turn|6
|
|t:|1728464660
|switch|p2a: Z2|Zapdos|100/100
|move|p1a: Croakcune|Surf|p2a: Z2
|-damage|p2a: Z2|51/100
|
|-heal|p2a: Z2|57/100|[from] item: Leftovers
|-heal|p1a: Croakcune|91/100 tox|[from] item: Leftovers
|-damage|p1a: Croakcune|78/100 tox|[from] psn
|upkeep
|turn|7
|inactive|Levy's Chair has 270 seconds left.
|
|t:|1728464675
|move|p2a: Z2|Thunderbolt|p1a: Croakcune
|-supereffective|p1a: Croakcune
|-damage|p1a: Croakcune|50/100 tox
|move|p1a: Croakcune|Ice Beam|p2a: Z2
|-supereffective|p2a: Z2
|-damage|p2a: Z2|0 fnt
|faint|p2a: Z2
|inactive|Levy's Chair has 270 seconds left.
|
|t:|1728464705
|switch|p2a: G2|Gyarados, F|100/100
|-ability|p2a: G2|Intimidate|boost
|-unboost|p1a: Croakcune|atk|1
|
|-heal|p1a: Croakcune|56/100 tox|[from] item: Leftovers
|-damage|p1a: Croakcune|38/100 tox|[from] psn
|upkeep
|turn|8
|
|t:|1728464711
|move|p2a: G2|Hidden Power|p1a: Croakcune
|-crit|p1a: Croakcune
|-damage|p1a: Croakcune|0 fnt
|faint|p1a: Croakcune
|
|t:|1728464717
|switch|p1a: Zip Zap Zop|Magneton|100/100
|
|upkeep
|turn|9
|inactive|Levy's Chair has 270 seconds left.
|
|t:|1728464742
|switch|p2a: Get Out of My|Swampert, M|100/100
|move|p1a: Zip Zap Zop|Toxic|p2a: Get Out of My
|-status|p2a: Get Out of My|tox
|
|-damage|p2a: Get Out of My|94/100 tox|[from] psn
|upkeep
|turn|10
|inactive|Levy's Chair has 240 seconds left.
|
|t:|1728464773
|switch|p1a: Makiling|Celebi|97/100
|switch|p2a: Get Crossed|Heracross, M|100/100
|
|-heal|p1a: Makiling|100/100|[from] item: Leftovers
|upkeep
|turn|11
|inactive|Levy's Chair has 240 seconds left.
|
|t:|1728464780
|move|p1a: Makiling|Baton Pass|p1a: Makiling
|
|t:|1728464782
|switch|p1a: Bayawak|Salamence, M|100/100|[from] Baton Pass
|-ability|p1a: Bayawak|Intimidate|boost
|-unboost|p2a: Get Crossed|atk|1
|move|p2a: Get Crossed|Substitute|p2a: Get Crossed
|-start|p2a: Get Crossed|Substitute
|-damage|p2a: Get Crossed|75/100
|
|upkeep
|turn|12
|
|t:|1728464788
|move|p1a: Bayawak|Hidden Power|p2a: Get Crossed
|-supereffective|p2a: Get Crossed
|-end|p2a: Get Crossed|Substitute
|move|p2a: Get Crossed|Rock Slide|p1a: Bayawak
|-supereffective|p1a: Bayawak
|-damage|p1a: Bayawak|50/100
|
|-heal|p1a: Bayawak|56/100|[from] item: Leftovers
|upkeep
|turn|13
|
|t:|1728464812
|switch|p2a: G2|Gyarados, F|100/100
|-ability|p2a: G2|Intimidate|boost
|-unboost|p1a: Bayawak|atk|1
|move|p1a: Bayawak|Dragon Dance|p1a: Bayawak
|-boost|p1a: Bayawak|atk|1
|-boost|p1a: Bayawak|spe|1
|
|-heal|p1a: Bayawak|62/100|[from] item: Leftovers
|upkeep
|turn|14
|
|t:|1728464818
|move|p1a: Bayawak|Rock Slide|p2a: G2
|-supereffective|p2a: G2
|-damage|p2a: G2|40/100
|move|p2a: G2|Thunder Wave|p1a: Bayawak
|-status|p1a: Bayawak|par
|
|-heal|p2a: G2|46/100|[from] item: Leftovers
|-heal|p1a: Bayawak|68/100 par|[from] item: Leftovers
|upkeep
|turn|15
|
|t:|1728464830
|switch|p2a: Yucky|Metagross|100/100
|move|p1a: Bayawak|Hidden Power|p2a: Yucky
|-resisted|p2a: Yucky
|-damage|p2a: Yucky|83/100
|
|-heal|p1a: Bayawak|75/100 par|[from] item: Leftovers
|upkeep
|turn|16
|
|t:|1728464839
|move|p2a: Yucky|Meteor Mash|p1a: Bayawak
|-damage|p1a: Bayawak|0 fnt
|faint|p1a: Bayawak
|
|t:|1728464844
|switch|p1a: Donghua|Medicham, F|100/100
|
|upkeep
|turn|17
|inactive|Levy's Chair has 270 seconds left.
|
|t:|1728464850
|move|p1a: Donghua|Brick Break|p2a: Yucky
|-damage|p2a: Yucky|39/100
|move|p2a: Yucky|Meteor Mash|p1a: Donghua
|-damage|p1a: Donghua|0 fnt
|faint|p1a: Donghua
|
|t:|1728464854
|switch|p1a: Zip Zap Zop|Magneton|100/100
|
|upkeep
|turn|18
|
|t:|1728464860
|move|p1a: Zip Zap Zop|Thunderbolt|p2a: Yucky
|-damage|p2a: Yucky|0 fnt
|faint|p2a: Yucky
|
|t:|1728464868
|switch|p2a: Get Out of My|Swampert, M|94/100 tox
|
|-heal|p2a: Get Out of My|100/100 tox|[from] item: Leftovers
|-damage|p2a: Get Out of My|94/100 tox|[from] psn
|upkeep
|turn|19
|inactive|Levy's Chair has 270 seconds left.
|
|t:|1728464903
|move|p1a: Zip Zap Zop|Hidden Power|p2a: Get Out of My
|-resisted|p2a: Get Out of My
|-damage|p2a: Get Out of My|84/100 tox
|move|p2a: Get Out of My|Ice Beam|p1a: Zip Zap Zop
|-resisted|p1a: Zip Zap Zop
|-damage|p1a: Zip Zap Zop|83/100
|
|-heal|p2a: Get Out of My|90/100 tox|[from] item: Leftovers
|-damage|p2a: Get Out of My|78/100 tox|[from] psn
|upkeep
|turn|20
|
|t:|1728464922
|switch|p1a: Makiling|Celebi|100/100
|move|p2a: Get Out of My|Ice Beam|p1a: Makiling
|-supereffective|p1a: Makiling
|-damage|p1a: Makiling|68/100
|
|-heal|p1a: Makiling|74/100|[from] item: Leftovers
|-heal|p2a: Get Out of My|84/100 tox|[from] item: Leftovers
|-damage|p2a: Get Out of My|66/100 tox|[from] psn
|upkeep
|turn|21
|
|t:|1728464934
|switch|p2a: G2|Gyarados, F|46/100
|-ability|p2a: G2|Intimidate|boost
|-unboost|p1a: Makiling|atk|1
|move|p1a: Makiling|Giga Drain|p2a: G2
|-damage|p2a: G2|27/100
|-heal|p1a: Makiling|83/100|[from] drain|[of] p2a: G2
|
|-heal|p1a: Makiling|89/100|[from] item: Leftovers
|-heal|p2a: G2|33/100|[from] item: Leftovers
|upkeep
|turn|22
|inactive|Levy's Chair has 240 seconds left.
|inactive|Levy's Chair has 210 seconds left.
|inactive|Levy's Chair has 180 seconds left.
|
|t:|1728465035
|move|p1a: Makiling|Calm Mind|p1a: Makiling
|-boost|p1a: Makiling|spa|1
|-boost|p1a: Makiling|spd|1
|move|p2a: G2|Earthquake|p1a: Makiling
|-resisted|p1a: Makiling
|-damage|p1a: Makiling|76/100
|
|-heal|p1a: Makiling|82/100|[from] item: Leftovers
|-heal|p2a: G2|39/100|[from] item: Leftovers
|upkeep
|turn|23
|
|t:|1728465042
|move|p1a: Makiling|Calm Mind|p1a: Makiling
|-boost|p1a: Makiling|spa|1
|-boost|p1a: Makiling|spd|1
|move|p2a: G2|Thunder Wave|p1a: Makiling
|-status|p1a: Makiling|par
|
|-heal|p2a: G2|46/100|[from] item: Leftovers
|-heal|p1a: Makiling|89/100 par|[from] item: Leftovers
|upkeep
|turn|24
|
|t:|1728465046
|move|p2a: G2|Hidden Power|p1a: Makiling
|-supereffective|p1a: Makiling
|-damage|p1a: Makiling|30/100 par
|move|p1a: Makiling|Giga Drain|p2a: G2
|-damage|p2a: G2|7/100
|-heal|p1a: Makiling|49/100 par|[from] drain|[of] p2a: G2
|
|-heal|p2a: G2|13/100|[from] item: Leftovers
|-heal|p1a: Makiling|55/100 par|[from] item: Leftovers
|upkeep
|turn|25
|
|t:|1728465053
|move|p2a: G2|Hidden Power|p1a: Makiling
|-supereffective|p1a: Makiling
|-damage|p1a: Makiling|0 fnt
|faint|p1a: Makiling
|
|t:|1728465065
|switch|p1a: STEM|Metagross|100/100
|
|-heal|p2a: G2|20/100|[from] item: Leftovers
|upkeep
|turn|26
|
|t:|1728465069
|move|p2a: G2|Thunder Wave|p1a: STEM
|-status|p1a: STEM|par
|move|p1a: STEM|Agility|p1a: STEM
|-boost|p1a: STEM|spe|2
|
|-heal|p2a: G2|26/100|[from] item: Leftovers
|upkeep
|turn|27
|
|t:|1728465075
|move|p2a: G2|Earthquake|p1a: STEM
|-supereffective|p1a: STEM
|-damage|p1a: STEM|58/100 par
|move|p1a: STEM|Earthquake|p2a: G2
|-immune|p2a: G2
|
|-heal|p2a: G2|32/100|[from] item: Leftovers
|-heal|p1a: STEM|64/100 par|[from] item: Leftovers
|upkeep
|turn|28
|inactive|Levy's Chair has 210 seconds left.
|
|t:|1728465081
|move|p2a: G2|Earthquake|p1a: STEM
|-supereffective|p1a: STEM
|-damage|p1a: STEM|15/100 par
|move|p1a: STEM|Meteor Mash|p2a: G2
|-resisted|p2a: G2
|-damage|p2a: G2|3/100
|
|-heal|p2a: G2|9/100|[from] item: Leftovers
|-heal|p1a: STEM|21/100 par|[from] item: Leftovers
|upkeep
|turn|29
|
|t:|1728465089
|move|p2a: G2|Earthquake|p1a: STEM
|-supereffective|p1a: STEM
|-crit|p1a: STEM
|-damage|p1a: STEM|0 fnt
|faint|p1a: STEM
|
|t:|1728465091
|switch|p1a: Zip Zap Zop|Magneton|83/100
|
|-heal|p2a: G2|15/100|[from] item: Leftovers
|upkeep
|turn|30
|
|t:|1728465095
|move|p2a: G2|Earthquake|p1a: Zip Zap Zop
|-supereffective|p1a: Zip Zap Zop
|-damage|p1a: Zip Zap Zop|0 fnt
|faint|p1a: Zip Zap Zop
|
|win|Levy's Chair
|c|☆Levy's Chair|gg
|c|☆Darth33|ggs
|player|p1|
|player|p1|Darth33|skier|

</script>
<script type="application/json" class="data" id="replaydata-smogtours-gen3ou-796595">
{"id":"smogtours-gen3ou-796595","format":"[Gen 3] OU","players":["Darth33","Levy's Chair"],"uploadtime":1728465095,"views":83,"formatid":"gen3ou","rating":null,"private":0,"password":null}
</script>

<script defer src="js/replays.js?9d40a366"></script>
