<!DOCTYPE html>
<meta charset="utf-8" />
<meta name="viewport" content="width=device-width" />

<title>[Gen 3] OU: Fear vs. Amir - Replays - Pok&eacute;mon Showdown!</title>

<meta name="description" content="Watch a replay of a Pok&eacute;mon battle between Fear and Amir! Format: [Gen 3] OU; Date: Nov 4, 2024" />
<!--

Hey, you! Looking in the source for the replay log?

You can find them in JSON format, just add `.json` at the end of a replay URL.

https://replay.pokemonshowdown.com/gen7randomdoublesbattle-865046831.json

Or, if you only need the log itself, add `.log` instead:

https://replay.pokemonshowdown.com/gen7randomdoublesbattle-865046831.log

-->

<link rel="stylesheet" href="//pokemonshowdown.com/style/global.css?0.023195364461161105" />
<link rel="stylesheet" href="//play.pokemonshowdown.com/style/font-awesome.css?0.13261647063804238" />
<link rel="stylesheet" href="//play.pokemonshowdown.com/style/battle.css?0.8753245789963631" />
<link rel="stylesheet" href="//play.pokemonshowdown.com/style/utilichart.css?0.8627959624976733" />

<!-- Global site tag (gtag.js) - Google Analytics -->
<script async src="https://www.googletagmanager.com/gtag/js?id=UA-26211653-1"></script>
<script>
  window.dataLayer = window.dataLayer || [];
  function gtag(){dataLayer.push(arguments);}
  gtag('js', new Date());

  gtag('config', 'UA-26211653-1');
</script>
<!-- End Google Analytics -->
<!-- Venatus Ad Manager - Install in <HEAD> of page -->
	<script src="https://hb.vntsm.com/v3/live/ad-manager.min.js" type="text/javascript" data-site-id="642aba63ec9a7b11c3c9c1be" data-mode="scan" async></script>
<!-- / Venatus Ad Manager -->

<style>
	@media (max-width:820px) {
		.battle {
			margin: 0 auto;
		}
		.battle-log {
			margin: 7px auto 0;
			max-width: 640px;
			height: 300px;
			position: static;
		}
	}
	.optgroup {
		display: inline-block;
		line-height: 22px;
		font-size: 10pt;
	}
	.optgroup .button {
		height: 25px;
		padding-top: 0;
		padding-bottom: 0;
	}
	.optgroup button.button {
		padding-left: 12px;
		padding-right: 12px;
	}
	.linklist {
		list-style: none;
		margin: 0.5em 0;
		padding: 0;
	}
	.linklist li {
		padding: 2px 0;
	}
	.sidebar {
		float: left;
		width: 320px;
	}
	.bar-wrapper {
		max-width: 1100px;
		margin: 0 auto;
	}
	.bar-wrapper.has-sidebar {
		max-width: 1430px;
	}
	.mainbar {
		margin: 0;
		padding-right: 1px;
	}
	.mainbar.has-sidebar {
		margin-left: 330px;
	}
	@media (min-width: 1511px) {
		.sidebar {
			width: 400px;
		}
		.bar-wrapper.has-sidebar {
			max-width: 1510px;
		}
		.mainbar.has-sidebar {
			margin-left: 410px;
		}
	}
	.section.first-section {
		margin-top: 9px;
	}
	.blocklink small {
		white-space: normal;
	}
	.button {
		vertical-align: middle;
	}
	.replay-controls {
		padding-top: 10px;
	}
	.replay-controls h1 {
		font-size: 16pt;
		font-weight: normal;
		color: #CCC;
	}
	.pagelink {
		text-align: center;
	}
	.pagelink a {
		width: 150px;
	}
	.textbox, .button {
		font-size: 11pt;
		vertical-align: middle;
	}
	@media (max-width: 450px) {
		.button {
			font-size: 9pt;
		}
	}
</style>

<div>

	<header>
		<div class="nav-wrapper"><ul class="nav">
			<li><a class="button nav-first" href="//pokemonshowdown.com/"><img src="//pokemonshowdown.com/images/pokemonshowdownbeta.png" srcset="//pokemonshowdown.com/images/pokemonshowdownbeta.png 1x, //pokemonshowdown.com/images/pokemonshowdownbeta@2x.png 2x" alt="Pok&eacute;mon Showdown" width="146" height="44" /> Home</a></li>
			<li><a class="button" href="//pokemonshowdown.com/dex/">Pok&eacute;dex</a></li>
			<li><a class="button cur" href="/">Replays</a></li>
			<li><a class="button" href="//pokemonshowdown.com/ladder/">Ladder</a></li>
			<li><a class="button nav-last" href="//pokemonshowdown.com/forums/">Forum</a></li>
			<li><a class="button greenbutton nav-first nav-last" href="//play.pokemonshowdown.com/">Play</a></li>
		</ul></div>
	</header>

	<div class="main" id="main">

		<noscript><section class="section">You need to enable JavaScript to use this page; sorry!</section></noscript>

	</div>

</div>

<script defer nomodule src="//play.pokemonshowdown.com/js/lib/ps-polyfill.js"></script>
<script defer src="//play.pokemonshowdown.com/js/lib/preact.min.js"></script>

<script defer src="//play.pokemonshowdown.com/config/config.js?2bddbc15"></script>
<script defer src="//play.pokemonshowdown.com/js/lib/jquery-1.11.0.min.js"></script>
<script defer src="//play.pokemonshowdown.com/js/lib/html-sanitizer-minified.js"></script>
<script defer src="//play.pokemonshowdown.com/js/battle-sound.js"></script>
<script defer src="//play.pokemonshowdown.com/js/battledata.js?0.7209276989879541"></script>
<script defer src="//play.pokemonshowdown.com/data/pokedex-mini.js?0.6111056340867951"></script>
<script defer src="//play.pokemonshowdown.com/data/pokedex-mini-bw.js?0.3532142036491459"></script>
<script defer src="//play.pokemonshowdown.com/data/graphics.js?0.24223875632456182"></script>
<script defer src="//play.pokemonshowdown.com/data/pokedex.js?0.38839984266356864"></script>
<script defer src="//play.pokemonshowdown.com/data/moves.js?0.21866028504024015"></script>
<script defer src="//play.pokemonshowdown.com/data/abilities.js?0.2005157953846628"></script>
<script defer src="//play.pokemonshowdown.com/data/items.js?0.9894211263848525"></script>
<script defer src="//play.pokemonshowdown.com/data/teambuilder-tables.js?0.6008791140282215"></script>
<script defer src="//play.pokemonshowdown.com/js/battle-tooltips.js?0.7580118955022959"></script>
<script defer src="//play.pokemonshowdown.com/js/battle.js?0.6057722274234274"></script>

<script defer src="js/utils.js?e31f9a17"></script>
<script defer src="js/replays-battle.js?7008c182"></script>

<!-- don't scrape this data! just add .json or .log after the URL!
Full API docs: https://github.com/smogon/pokemon-showdown-client/blob/master/WEB-API.md -->
<script type="text/plain" class="log" id="replaylog-smogtours-gen3ou-804789">
|inactive|Battle timer is ON: inactive players will automatically lose when time's up.
|t:|1730750930
|gametype|singles
|player|p1|Fear|#gscpl3ironmanmachamps|
|player|p2|Amir|acetrainerf-gen4dp|
|teamsize|p1|6
|teamsize|p2|6
|gen|3
|tier|[Gen 3] OU
|rule|Sleep Clause Mod: Limit one foe put to sleep
|rule|Switch Priority Clause Mod: Faster Pokémon switch first
|rule|Species Clause: Limit one of each Pokémon
|rule|OHKO Clause: OHKO moves are banned
|rule|Evasion Items Clause: Evasion items are banned
|rule|Evasion Moves Clause: Evasion moves are banned
|rule|Endless Battle Clause: Forcing endless battles is banned
|rule|HP Percentage Mod: HP is shown in percentages
|rule|One Boost Passer Clause: Limit one Baton Passer that has a way to boost its stats
|rule|Freeze Clause Mod: Limit one foe frozen
|
|t:|1730750930
|start
|switch|p1a: Raksas|Zapdos|100/100
|switch|p2a: Zapdos|Zapdos|100/100
|turn|1
|inactive|Fear has 270 seconds left.
|inactive|Fear has 240 seconds left.
|
|t:|1730751016
|move|p1a: Raksas|Thunderbolt|p2a: Zapdos
|-damage|p2a: Zapdos|55/100
|-status|p2a: Zapdos|par
|move|p2a: Zapdos|Thunderbolt|p1a: Raksas
|-crit|p1a: Raksas
|-damage|p1a: Raksas|0 fnt
|faint|p1a: Raksas
|c|☆Fear|will you stop critting
|inactive|Fear has 270 seconds left.
|
|t:|1730751037
|switch|p1a: Zodd|Tyranitar, M|100/100
|-weather|Sandstorm|[from] ability: Sand Stream|[of] p1a: Zodd
|
|-weather|Sandstorm|[upkeep]
|-damage|p2a: Zapdos|49/100 par|[from] Sandstorm
|-heal|p2a: Zapdos|55/100 par|[from] item: Leftovers
|upkeep
|turn|2
|inactive|Amir has 270 seconds left.
|inactive|Amir has 240 seconds left.
|
|t:|1730751119
|move|p1a: Zodd|Crunch|p2a: Zapdos
|-damage|p2a: Zapdos|15/100 par
|move|p2a: Zapdos|Thunderbolt|p1a: Zodd
|-damage|p1a: Zodd|56/100
|-status|p1a: Zodd|par
|
|-weather|Sandstorm|[upkeep]
|-damage|p2a: Zapdos|9/100 par|[from] Sandstorm
|-heal|p2a: Zapdos|15/100 par|[from] item: Leftovers
|-heal|p1a: Zodd|62/100 par|[from] item: Leftovers
|upkeep
|turn|3
|
|t:|1730751138
|move|p2a: Zapdos|Thunderbolt|p1a: Zodd
|-damage|p1a: Zodd|19/100 par
|move|p1a: Zodd|Crunch|p2a: Zapdos
|-damage|p2a: Zapdos|0 fnt
|faint|p2a: Zapdos
|inactive|Amir has 210 seconds left.
|inactive|Amir has 180 seconds left.
|
|t:|1730751199
|switch|p2a: Aerodactyl|Aerodactyl, F|100/100
|
|-weather|Sandstorm|[upkeep]
|-heal|p1a: Zodd|25/100 par|[from] item: Leftovers
|upkeep
|turn|4
|
|t:|1730751213
|switch|p1a: Serpico|Breloom, F, shiny|100/100
|move|p2a: Aerodactyl|Earthquake|p1a: Serpico
|-resisted|p1a: Serpico
|-damage|p1a: Serpico|75/100
|
|-weather|Sandstorm|[upkeep]
|-damage|p1a: Serpico|69/100|[from] Sandstorm
|-heal|p1a: Serpico|75/100|[from] item: Leftovers
|upkeep
|turn|5
|inactive|Amir has 180 seconds left.
|inactive|Fear has 240 seconds left.
|
|t:|1730751260
|move|p2a: Aerodactyl|Substitute|p2a: Aerodactyl
|-start|p2a: Aerodactyl|Substitute
|-damage|p2a: Aerodactyl|76/100
|move|p1a: Serpico|Sky Uppercut|p2a: Aerodactyl
|-end|p2a: Aerodactyl|Substitute
|
|-weather|Sandstorm|[upkeep]
|-damage|p1a: Serpico|69/100|[from] Sandstorm
|-heal|p1a: Serpico|75/100|[from] item: Leftovers
|upkeep
|turn|6
|
|t:|1730751268
|move|p2a: Aerodactyl|Hidden Power|p1a: Serpico
|-supereffective|p1a: Serpico
|-damage|p1a: Serpico|0 fnt
|faint|p1a: Serpico
|
|t:|1730751278
|switch|p1a: Isidro|Jirachi|100/100
|
|-weather|Sandstorm|[upkeep]
|upkeep
|turn|7
|
|t:|1730751291
|move|p2a: Aerodactyl|Earthquake|p1a: Isidro
|-supereffective|p1a: Isidro
|-damage|p1a: Isidro|54/100
|move|p1a: Isidro|Ice Punch|p2a: Aerodactyl
|-supereffective|p2a: Aerodactyl
|-damage|p2a: Aerodactyl|22/100
|-status|p2a: Aerodactyl|frz
|
|-weather|Sandstorm|[upkeep]
|-enditem|p2a: Aerodactyl|Liechi Berry|[eat]
|-boost|p2a: Aerodactyl|atk|1|[from] item: Liechi Berry
|-heal|p1a: Isidro|60/100|[from] item: Leftovers
|upkeep
|turn|8
|inactive|Fear has 240 seconds left.
|
|t:|1730751304
|cant|p2a: Aerodactyl|frz
|move|p1a: Isidro|Ice Punch|p2a: Aerodactyl
|-supereffective|p2a: Aerodactyl
|-damage|p2a: Aerodactyl|0 fnt
|faint|p2a: Aerodactyl
|
|t:|1730751306
|switch|p2a: Metagross|Metagross|100/100
|
|-weather|Sandstorm|[upkeep]
|-heal|p1a: Isidro|66/100|[from] item: Leftovers
|upkeep
|turn|9
|
|t:|1730751315
|move|p1a: Isidro|Thunder|p2a: Metagross|[miss]
|-miss|p1a: Isidro|p2a: Metagross
|move|p2a: Metagross|Earthquake|p1a: Isidro
|-supereffective|p1a: Isidro
|-damage|p1a: Isidro|11/100
|
|-weather|Sandstorm|[upkeep]
|-heal|p1a: Isidro|17/100|[from] item: Leftovers
|upkeep
|turn|10
|inactive|Amir has 210 seconds left.
|
|t:|1730751323
|switch|p1a: Zodd|Tyranitar, M|25/100 par
|move|p2a: Metagross|Earthquake|p1a: Zodd
|-supereffective|p1a: Zodd
|-damage|p1a: Zodd|0 fnt
|faint|p1a: Zodd
|
|t:|1730751325
|switch|p1a: Ubik|Dugtrio, M|100/100
|
|-weather|Sandstorm|[upkeep]
|upkeep
|turn|11
|
|t:|1730751331
|move|p1a: Ubik|Earthquake|p2a: Metagross
|-supereffective|p2a: Metagross
|-damage|p2a: Metagross|19/100
|move|p2a: Metagross|Earthquake|p1a: Ubik
|-crit|p1a: Ubik
|-damage|p1a: Ubik|0 fnt
|faint|p1a: Ubik
|
|t:|1730751338
|switch|p1a: Isidro|Jirachi|17/100
|
|-weather|Sandstorm|[upkeep]
|-heal|p1a: Isidro|23/100|[from] item: Leftovers
|-heal|p2a: Metagross|25/100|[from] item: Leftovers
|upkeep
|turn|12
|
|t:|1730751358
|move|p1a: Isidro|Thunder|p2a: Metagross|[miss]
|-miss|p1a: Isidro|p2a: Metagross
|move|p2a: Metagross|Earthquake|p1a: Isidro
|-supereffective|p1a: Isidro
|-damage|p1a: Isidro|0 fnt
|faint|p1a: Isidro
|
|t:|1730751360
|switch|p1a: Gaiseric|Gyarados, F|100/100
|-ability|p1a: Gaiseric|Intimidate|boost
|-fail|p2a: Metagross|unboost|[from] ability: Clear Body|[of] p2a: Metagross
|
|-weather|Sandstorm|[upkeep]
|-damage|p1a: Gaiseric|94/100|[from] Sandstorm
|-heal|p1a: Gaiseric|100/100|[from] item: Leftovers
|-heal|p2a: Metagross|31/100|[from] item: Leftovers
|upkeep
|turn|13
|
|t:|1730751369
|move|p1a: Gaiseric|Earthquake|p2a: Metagross
|-supereffective|p2a: Metagross
|-damage|p2a: Metagross|0 fnt
|faint|p2a: Metagross
|
|t:|1730751371
|switch|p2a: Snorlax|Snorlax, M|100/100
|
|-weather|Sandstorm|[upkeep]
|-damage|p1a: Gaiseric|94/100|[from] Sandstorm
|-damage|p2a: Snorlax|94/100|[from] Sandstorm
|-heal|p1a: Gaiseric|100/100|[from] item: Leftovers
|-heal|p2a: Snorlax|100/100|[from] item: Leftovers
|upkeep
|turn|14
|
|t:|1730751375
|move|p1a: Gaiseric|Earthquake|p2a: Snorlax
|-damage|p2a: Snorlax|72/100
|move|p2a: Snorlax|Self-Destruct|p1a: Gaiseric
|-damage|p1a: Gaiseric|0 fnt
|faint|p2a: Snorlax
|faint|p1a: Gaiseric
|
|win|Amir
|player|p1|

</script>
<script type="application/json" class="data" id="replaydata-smogtours-gen3ou-804789">
{"id":"smogtours-gen3ou-804789","format":"[Gen 3] OU","players":["Fear","Amir"],"uploadtime":1730751375,"views":102,"formatid":"gen3ou","rating":null,"private":1,"password":null}
</script>

<script defer src="js/replays.js?9d40a366"></script>
