<!DOCTYPE html>
<meta charset="utf-8" />
<meta name="viewport" content="width=device-width" />

<title>[Gen 3] OU: triangles vs. CazabichosPablo - Replays - Pok&eacute;mon Showdown!</title>

<meta name="description" content="Watch a replay of a Pok&eacute;mon battle between triangles and CazabichosPablo! Format: [Gen 3] OU; Date: Oct 17, 2024" />
<!--

Hey, you! Looking in the source for the replay log?

You can find them in JSON format, just add `.json` at the end of a replay URL.

https://replay.pokemonshowdown.com/gen7randomdoublesbattle-865046831.json

Or, if you only need the log itself, add `.log` instead:

https://replay.pokemonshowdown.com/gen7randomdoublesbattle-865046831.log

-->

<link rel="stylesheet" href="//pokemonshowdown.com/style/global.css?0.767286132409787" />
<link rel="stylesheet" href="//play.pokemonshowdown.com/style/font-awesome.css?0.9266228007934947" />
<link rel="stylesheet" href="//play.pokemonshowdown.com/style/battle.css?0.7924700842790926" />
<link rel="stylesheet" href="//play.pokemonshowdown.com/style/utilichart.css?0.8777417872839479" />

<!-- Global site tag (gtag.js) - Google Analytics -->
<script async src="https://www.googletagmanager.com/gtag/js?id=UA-26211653-1"></script>
<script>
  window.dataLayer = window.dataLayer || [];
  function gtag(){dataLayer.push(arguments);}
  gtag('js', new Date());

  gtag('config', 'UA-26211653-1');
</script>
<!-- End Google Analytics -->
<!-- Venatus Ad Manager - Install in <HEAD> of page -->
	<script src="https://hb.vntsm.com/v3/live/ad-manager.min.js" type="text/javascript" data-site-id="642aba63ec9a7b11c3c9c1be" data-mode="scan" async></script>
<!-- / Venatus Ad Manager -->

<style>
	@media (max-width:820px) {
		.battle {
			margin: 0 auto;
		}
		.battle-log {
			margin: 7px auto 0;
			max-width: 640px;
			height: 300px;
			position: static;
		}
	}
	.optgroup {
		display: inline-block;
		line-height: 22px;
		font-size: 10pt;
	}
	.optgroup .button {
		height: 25px;
		padding-top: 0;
		padding-bottom: 0;
	}
	.optgroup button.button {
		padding-left: 12px;
		padding-right: 12px;
	}
	.linklist {
		list-style: none;
		margin: 0.5em 0;
		padding: 0;
	}
	.linklist li {
		padding: 2px 0;
	}
	.sidebar {
		float: left;
		width: 320px;
	}
	.bar-wrapper {
		max-width: 1100px;
		margin: 0 auto;
	}
	.bar-wrapper.has-sidebar {
		max-width: 1430px;
	}
	.mainbar {
		margin: 0;
		padding-right: 1px;
	}
	.mainbar.has-sidebar {
		margin-left: 330px;
	}
	@media (min-width: 1511px) {
		.sidebar {
			width: 400px;
		}
		.bar-wrapper.has-sidebar {
			max-width: 1510px;
		}
		.mainbar.has-sidebar {
			margin-left: 410px;
		}
	}
	.section.first-section {
		margin-top: 9px;
	}
	.blocklink small {
		white-space: normal;
	}
	.button {
		vertical-align: middle;
	}
	.replay-controls {
		padding-top: 10px;
	}
	.replay-controls h1 {
		font-size: 16pt;
		font-weight: normal;
		color: #CCC;
	}
	.pagelink {
		text-align: center;
	}
	.pagelink a {
		width: 150px;
	}
	.textbox, .button {
		font-size: 11pt;
		vertical-align: middle;
	}
	@media (max-width: 450px) {
		.button {
			font-size: 9pt;
		}
	}
</style>

<div>

	<header>
		<div class="nav-wrapper"><ul class="nav">
			<li><a class="button nav-first" href="//pokemonshowdown.com/"><img src="//pokemonshowdown.com/images/pokemonshowdownbeta.png" srcset="//pokemonshowdown.com/images/pokemonshowdownbeta.png 1x, //pokemonshowdown.com/images/pokemonshowdownbeta@2x.png 2x" alt="Pok&eacute;mon Showdown" width="146" height="44" /> Home</a></li>
			<li><a class="button" href="//pokemonshowdown.com/dex/">Pok&eacute;dex</a></li>
			<li><a class="button cur" href="/">Replays</a></li>
			<li><a class="button" href="//pokemonshowdown.com/ladder/">Ladder</a></li>
			<li><a class="button nav-last" href="//pokemonshowdown.com/forums/">Forum</a></li>
			<li><a class="button greenbutton nav-first nav-last" href="//play.pokemonshowdown.com/">Play</a></li>
		</ul></div>
	</header>

	<div class="main" id="main">

		<noscript><section class="section">You need to enable JavaScript to use this page; sorry!</section></noscript>

	</div>

</div>

<script defer nomodule src="//play.pokemonshowdown.com/js/lib/ps-polyfill.js"></script>
<script defer src="//play.pokemonshowdown.com/js/lib/preact.min.js"></script>

<script defer src="//play.pokemonshowdown.com/config/config.js?6dec07f6"></script>
<script defer src="//play.pokemonshowdown.com/js/lib/jquery-1.11.0.min.js"></script>
<script defer src="//play.pokemonshowdown.com/js/lib/html-sanitizer-minified.js"></script>
<script defer src="//play.pokemonshowdown.com/js/battle-sound.js"></script>
<script defer src="//play.pokemonshowdown.com/js/battledata.js?0.6315294753075389"></script>
<script defer src="//play.pokemonshowdown.com/data/pokedex-mini.js?0.7603743185311358"></script>
<script defer src="//play.pokemonshowdown.com/data/pokedex-mini-bw.js?0.030888842834281283"></script>
<script defer src="//play.pokemonshowdown.com/data/graphics.js?0.05593094747507488"></script>
<script defer src="//play.pokemonshowdown.com/data/pokedex.js?0.47064822249611904"></script>
<script defer src="//play.pokemonshowdown.com/data/moves.js?0.8583693120512459"></script>
<script defer src="//play.pokemonshowdown.com/data/abilities.js?0.16017181182386842"></script>
<script defer src="//play.pokemonshowdown.com/data/items.js?0.4163379185673943"></script>
<script defer src="//play.pokemonshowdown.com/data/teambuilder-tables.js?0.31075597372830477"></script>
<script defer src="//play.pokemonshowdown.com/js/battle-tooltips.js?0.6536193500708172"></script>
<script defer src="//play.pokemonshowdown.com/js/battle.js?0.1916591943277901"></script>

<script defer src="js/utils.js?e31f9a17"></script>
<script defer src="js/replays-battle.js?7008c182"></script>

<!-- don't scrape this data! just add .json or .log after the URL!
Full API docs: https://github.com/smogon/pokemon-showdown-client/blob/master/WEB-API.md -->
<script type="text/plain" class="log" id="replaylog-smogtours-gen3ou-799248">
|inactive|Battle timer is ON: inactive players will automatically lose when time's up.
|t:|1729161777
|gametype|singles
|player|p1|triangles|lucas|
|player|p2|CazabichosPablo|2|
|teamsize|p1|6
|teamsize|p2|6
|gen|3
|tier|[Gen 3] OU
|rule|Sleep Clause Mod: Limit one foe put to sleep
|rule|Switch Priority Clause Mod: Faster Pokémon switch first
|rule|Species Clause: Limit one of each Pokémon
|rule|OHKO Clause: OHKO moves are banned
|rule|Evasion Items Clause: Evasion items are banned
|rule|Evasion Moves Clause: Evasion moves are banned
|rule|Endless Battle Clause: Forcing endless battles is banned
|rule|HP Percentage Mod: HP is shown in percentages
|rule|One Boost Passer Clause: Limit one Baton Passer that has a way to boost its stats
|rule|Freeze Clause Mod: Limit one foe frozen
|
|t:|1729161777
|start
|switch|p1a: Tyranitar|Tyranitar, M, shiny|100/100
|switch|p2a: Machamp|Machamp, F|100/100
|-weather|Sandstorm|[from] ability: Sand Stream|[of] p1a: Tyranitar
|turn|1
|c|☆CazabichosPablo|glhf
|c|☆triangles|hf
|inactive|triangles has 270 seconds left.
|
|t:|1729161825
|switch|p1a: Starmie|Starmie|100/100
|move|p2a: Machamp|Bulk Up|p2a: Machamp
|-boost|p2a: Machamp|atk|1
|-boost|p2a: Machamp|def|1
|
|-weather|Sandstorm|[upkeep]
|-damage|p1a: Starmie|94/100|[from] Sandstorm
|-damage|p2a: Machamp|94/100|[from] Sandstorm
|-heal|p1a: Starmie|100/100|[from] item: Leftovers
|-heal|p2a: Machamp|100/100|[from] item: Leftovers
|upkeep
|turn|2
|inactive|CazabichosPablo has 270 seconds left.
|
|t:|1729161868
|move|p1a: Starmie|Surf|p2a: Machamp
|-damage|p2a: Machamp|68/100
|move|p2a: Machamp|Hidden Power|p1a: Starmie
|-supereffective|p1a: Starmie
|-damage|p1a: Starmie|28/100
|
|-weather|Sandstorm|[upkeep]
|-damage|p1a: Starmie|22/100|[from] Sandstorm
|-damage|p2a: Machamp|61/100|[from] Sandstorm
|-heal|p1a: Starmie|28/100|[from] item: Leftovers
|-heal|p2a: Machamp|68/100|[from] item: Leftovers
|upkeep
|turn|3
|inactive|triangles has 270 seconds left.
|
|t:|1729161890
|move|p1a: Starmie|Surf|p2a: Machamp
|-damage|p2a: Machamp|35/100
|move|p2a: Machamp|Hidden Power|p1a: Starmie
|-supereffective|p1a: Starmie
|-damage|p1a: Starmie|0 fnt
|faint|p1a: Starmie
|inactive|triangles has 270 seconds left.
|
|t:|1729161919
|switch|p1a: Salamence|Salamence, M, shiny|100/100
|-ability|p1a: Salamence|Intimidate|boost
|-unboost|p2a: Machamp|atk|1
|
|-weather|Sandstorm|[upkeep]
|-damage|p1a: Salamence|94/100|[from] Sandstorm
|-damage|p2a: Machamp|29/100|[from] Sandstorm
|-heal|p1a: Salamence|100/100|[from] item: Leftovers
|-heal|p2a: Machamp|35/100|[from] item: Leftovers
|upkeep
|turn|4
|
|t:|1729161926
|move|p1a: Salamence|Dragon Claw|p2a: Machamp
|-damage|p2a: Machamp|0 fnt
|faint|p2a: Machamp
|
|t:|1729161930
|switch|p2a: Metagross|Metagross|100/100
|
|-weather|Sandstorm|[upkeep]
|-damage|p1a: Salamence|94/100|[from] Sandstorm
|-heal|p1a: Salamence|100/100|[from] item: Leftovers
|upkeep
|turn|5
|
|t:|1729161935
|switch|p1a: Skarmory|Skarmory, F, shiny|100/100
|move|p2a: Metagross|Explosion|p1a: Skarmory
|-resisted|p1a: Skarmory
|-damage|p1a: Skarmory|0 fnt
|faint|p2a: Metagross
|faint|p1a: Skarmory
|
|t:|1729161946
|switch|p2a: Claydol|Claydol|100/100
|switch|p1a: Salamence|Salamence, M, shiny|100/100
|-ability|p1a: Salamence|Intimidate|boost
|-unboost|p2a: Claydol|atk|1
|
|-weather|Sandstorm|[upkeep]
|-damage|p1a: Salamence|94/100|[from] Sandstorm
|-heal|p1a: Salamence|100/100|[from] item: Leftovers
|upkeep
|turn|6
|
|t:|1729161952
|switch|p1a: Tyranitar|Tyranitar, M, shiny|100/100
|move|p2a: Claydol|Explosion|p1a: Tyranitar
|-resisted|p1a: Tyranitar
|-damage|p1a: Tyranitar|67/100
|faint|p2a: Claydol
|
|t:|1729161955
|switch|p2a: Breloom|Breloom, M|100/100
|
|-weather|Sandstorm|[upkeep]
|-damage|p2a: Breloom|94/100|[from] Sandstorm
|-heal|p2a: Breloom|100/100|[from] item: Leftovers
|-heal|p1a: Tyranitar|73/100|[from] item: Leftovers
|upkeep
|turn|7
|
|t:|1729161964
|move|p2a: Breloom|Spore|p1a: Tyranitar
|-status|p1a: Tyranitar|slp|[from] move: Spore
|cant|p1a: Tyranitar|slp
|
|-weather|Sandstorm|[upkeep]
|-damage|p2a: Breloom|94/100|[from] Sandstorm
|-heal|p2a: Breloom|100/100|[from] item: Leftovers
|-heal|p1a: Tyranitar|79/100 slp|[from] item: Leftovers
|upkeep
|turn|8
|
|t:|1729161975
|switch|p2a: Snorlax|Snorlax, F|100/100
|switch|p1a: Salamence|Salamence, M, shiny|100/100
|-ability|p1a: Salamence|Intimidate|boost
|-unboost|p2a: Snorlax|atk|1
|
|-weather|Sandstorm|[upkeep]
|-damage|p1a: Salamence|94/100|[from] Sandstorm
|-damage|p2a: Snorlax|94/100|[from] Sandstorm
|-heal|p1a: Salamence|100/100|[from] item: Leftovers
|-heal|p2a: Snorlax|100/100|[from] item: Leftovers
|upkeep
|turn|9
|
|t:|1729161994
|switch|p1a: Metagross|Metagross, shiny|100/100
|move|p2a: Snorlax|Curse|p2a: Snorlax
|-unboost|p2a: Snorlax|spe|1
|-boost|p2a: Snorlax|atk|1
|-boost|p2a: Snorlax|def|1
|
|-weather|Sandstorm|[upkeep]
|-damage|p2a: Snorlax|94/100|[from] Sandstorm
|-heal|p2a: Snorlax|100/100|[from] item: Leftovers
|upkeep
|turn|10
|
|t:|1729162004
|move|p1a: Metagross|Meteor Mash|p2a: Snorlax
|-damage|p2a: Snorlax|64/100
|move|p2a: Snorlax|Earthquake|p1a: Metagross
|-supereffective|p1a: Metagross
|-damage|p1a: Metagross|55/100
|
|-weather|Sandstorm|[upkeep]
|-damage|p2a: Snorlax|58/100|[from] Sandstorm
|-heal|p1a: Metagross|61/100|[from] item: Leftovers
|-heal|p2a: Snorlax|64/100|[from] item: Leftovers
|upkeep
|turn|11
|
|t:|1729162010
|move|p1a: Metagross|Meteor Mash|p2a: Snorlax
|-damage|p2a: Snorlax|27/100
|move|p2a: Snorlax|Earthquake|p1a: Metagross
|-supereffective|p1a: Metagross
|-damage|p1a: Metagross|9/100
|
|-weather|Sandstorm|[upkeep]
|-damage|p2a: Snorlax|21/100|[from] Sandstorm
|-heal|p1a: Metagross|15/100|[from] item: Leftovers
|-heal|p2a: Snorlax|27/100|[from] item: Leftovers
|upkeep
|turn|12
|inactive|triangles has 270 seconds left.
|
|t:|1729162046
|move|p1a: Metagross|Protect|p1a: Metagross
|-singleturn|p1a: Metagross|Protect
|move|p2a: Snorlax|Return|p1a: Metagross
|-activate|p1a: Metagross|Protect
|
|-weather|Sandstorm|[upkeep]
|-damage|p2a: Snorlax|21/100|[from] Sandstorm
|-heal|p1a: Metagross|21/100|[from] item: Leftovers
|-heal|p2a: Snorlax|27/100|[from] item: Leftovers
|upkeep
|turn|13
|inactive|triangles has 270 seconds left.
|
|t:|1729162052
|move|p1a: Metagross|Meteor Mash|p2a: Snorlax
|-damage|p2a: Snorlax|0 fnt
|faint|p2a: Snorlax
|
|t:|1729162056
|switch|p2a: Breloom|Breloom, M|100/100
|
|-weather|Sandstorm|[upkeep]
|-damage|p2a: Breloom|94/100|[from] Sandstorm
|-heal|p2a: Breloom|100/100|[from] item: Leftovers
|-heal|p1a: Metagross|27/100|[from] item: Leftovers
|upkeep
|turn|14
|
|t:|1729162070
|move|p1a: Metagross|Protect|p1a: Metagross
|-singleturn|p1a: Metagross|Protect
|move|p2a: Breloom|Sky Uppercut|p1a: Metagross|[miss]
|-miss|p2a: Breloom|p1a: Metagross
|
|-weather|Sandstorm|[upkeep]
|-damage|p2a: Breloom|94/100|[from] Sandstorm
|-heal|p2a: Breloom|100/100|[from] item: Leftovers
|-heal|p1a: Metagross|33/100|[from] item: Leftovers
|upkeep
|turn|15
|inactive|triangles has 270 seconds left.
|
|t:|1729162090
|move|p2a: Breloom|Sky Uppercut|p1a: Metagross
|-damage|p1a: Metagross|3/100
|move|p1a: Metagross|Meteor Mash|p2a: Breloom
|-damage|p2a: Breloom|6/100
|
|-weather|Sandstorm|[upkeep]
|-damage|p2a: Breloom|0 fnt|[from] Sandstorm
|faint|p2a: Breloom
|-heal|p1a: Metagross|9/100|[from] item: Leftovers
|upkeep
|
|t:|1729162093
|switch|p2a: Tyranitar|Tyranitar, F|100/100
|turn|16
|
|t:|1729162100
|move|p2a: Tyranitar|Earthquake|p1a: Metagross
|-supereffective|p1a: Metagross
|-damage|p1a: Metagross|0 fnt
|faint|p1a: Metagross
|
|t:|1729162103
|switch|p1a: Salamence|Salamence, M, shiny|100/100
|-ability|p1a: Salamence|Intimidate|boost
|-unboost|p2a: Tyranitar|atk|1
|
|-weather|Sandstorm|[upkeep]
|-damage|p1a: Salamence|94/100|[from] Sandstorm
|-heal|p1a: Salamence|100/100|[from] item: Leftovers
|upkeep
|turn|17
|
|t:|1729162105
|move|p1a: Salamence|Brick Break|p2a: Tyranitar
|-supereffective|p2a: Tyranitar
|-damage|p2a: Tyranitar|22/100
|move|p2a: Tyranitar|Dragon Dance|p2a: Tyranitar
|-boost|p2a: Tyranitar|atk|1
|-boost|p2a: Tyranitar|spe|1
|
|-weather|Sandstorm|[upkeep]
|-damage|p1a: Salamence|94/100|[from] Sandstorm
|-heal|p1a: Salamence|100/100|[from] item: Leftovers
|upkeep
|turn|18
|
|t:|1729162114
|move|p2a: Tyranitar|Rock Slide|p1a: Salamence|[miss]
|-miss|p2a: Tyranitar|p1a: Salamence
|move|p1a: Salamence|Brick Break|p2a: Tyranitar
|-supereffective|p2a: Tyranitar
|-damage|p2a: Tyranitar|0 fnt
|faint|p2a: Tyranitar
|
|win|triangles

</script>
<script type="application/json" class="data" id="replaydata-smogtours-gen3ou-799248">
{"id":"smogtours-gen3ou-799248","format":"[Gen 3] OU","players":["triangles","CazabichosPablo"],"uploadtime":1729162114,"views":156,"formatid":"gen3ou","rating":null,"private":0,"password":null}
</script>

<script defer src="js/replays.js?9d40a366"></script>
