<!DOCTYPE html>
<meta charset="utf-8" />
<meta name="viewport" content="width=device-width" />

<title>[Gen 3] OU: tub69 vs. RBVengeance - Replays - Pok&eacute;mon Showdown!</title>

<meta name="description" content="Watch a replay of a Pok&eacute;mon battle between tub69 and RBVengeance! Format: [Gen 3] OU; Date: Oct 8, 2024" />
<!--

Hey, you! Looking in the source for the replay log?

You can find them in JSON format, just add `.json` at the end of a replay URL.

https://replay.pokemonshowdown.com/gen7randomdoublesbattle-865046831.json

Or, if you only need the log itself, add `.log` instead:

https://replay.pokemonshowdown.com/gen7randomdoublesbattle-865046831.log

-->

<link rel="stylesheet" href="//pokemonshowdown.com/style/global.css?0.767286132409787" />
<link rel="stylesheet" href="//play.pokemonshowdown.com/style/font-awesome.css?0.9266228007934947" />
<link rel="stylesheet" href="//play.pokemonshowdown.com/style/battle.css?0.7924700842790926" />
<link rel="stylesheet" href="//play.pokemonshowdown.com/style/utilichart.css?0.8777417872839479" />

<!-- Global site tag (gtag.js) - Google Analytics -->
<script async src="https://www.googletagmanager.com/gtag/js?id=UA-26211653-1"></script>
<script>
  window.dataLayer = window.dataLayer || [];
  function gtag(){dataLayer.push(arguments);}
  gtag('js', new Date());

  gtag('config', 'UA-26211653-1');
</script>
<!-- End Google Analytics -->
<!-- Venatus Ad Manager - Install in <HEAD> of page -->
	<script src="https://hb.vntsm.com/v3/live/ad-manager.min.js" type="text/javascript" data-site-id="642aba63ec9a7b11c3c9c1be" data-mode="scan" async></script>
<!-- / Venatus Ad Manager -->

<style>
	@media (max-width:820px) {
		.battle {
			margin: 0 auto;
		}
		.battle-log {
			margin: 7px auto 0;
			max-width: 640px;
			height: 300px;
			position: static;
		}
	}
	.optgroup {
		display: inline-block;
		line-height: 22px;
		font-size: 10pt;
	}
	.optgroup .button {
		height: 25px;
		padding-top: 0;
		padding-bottom: 0;
	}
	.optgroup button.button {
		padding-left: 12px;
		padding-right: 12px;
	}
	.linklist {
		list-style: none;
		margin: 0.5em 0;
		padding: 0;
	}
	.linklist li {
		padding: 2px 0;
	}
	.sidebar {
		float: left;
		width: 320px;
	}
	.bar-wrapper {
		max-width: 1100px;
		margin: 0 auto;
	}
	.bar-wrapper.has-sidebar {
		max-width: 1430px;
	}
	.mainbar {
		margin: 0;
		padding-right: 1px;
	}
	.mainbar.has-sidebar {
		margin-left: 330px;
	}
	@media (min-width: 1511px) {
		.sidebar {
			width: 400px;
		}
		.bar-wrapper.has-sidebar {
			max-width: 1510px;
		}
		.mainbar.has-sidebar {
			margin-left: 410px;
		}
	}
	.section.first-section {
		margin-top: 9px;
	}
	.blocklink small {
		white-space: normal;
	}
	.button {
		vertical-align: middle;
	}
	.replay-controls {
		padding-top: 10px;
	}
	.replay-controls h1 {
		font-size: 16pt;
		font-weight: normal;
		color: #CCC;
	}
	.pagelink {
		text-align: center;
	}
	.pagelink a {
		width: 150px;
	}
	.textbox, .button {
		font-size: 11pt;
		vertical-align: middle;
	}
	@media (max-width: 450px) {
		.button {
			font-size: 9pt;
		}
	}
</style>

<div>

	<header>
		<div class="nav-wrapper"><ul class="nav">
			<li><a class="button nav-first" href="//pokemonshowdown.com/"><img src="//pokemonshowdown.com/images/pokemonshowdownbeta.png" srcset="//pokemonshowdown.com/images/pokemonshowdownbeta.png 1x, //pokemonshowdown.com/images/pokemonshowdownbeta@2x.png 2x" alt="Pok&eacute;mon Showdown" width="146" height="44" /> Home</a></li>
			<li><a class="button" href="//pokemonshowdown.com/dex/">Pok&eacute;dex</a></li>
			<li><a class="button cur" href="/">Replays</a></li>
			<li><a class="button" href="//pokemonshowdown.com/ladder/">Ladder</a></li>
			<li><a class="button nav-last" href="//pokemonshowdown.com/forums/">Forum</a></li>
			<li><a class="button greenbutton nav-first nav-last" href="//play.pokemonshowdown.com/">Play</a></li>
		</ul></div>
	</header>

	<div class="main" id="main">

		<noscript><section class="section">You need to enable JavaScript to use this page; sorry!</section></noscript>

	</div>

</div>

<script defer nomodule src="//play.pokemonshowdown.com/js/lib/ps-polyfill.js"></script>
<script defer src="//play.pokemonshowdown.com/js/lib/preact.min.js"></script>

<script defer src="//play.pokemonshowdown.com/config/config.js?6dec07f6"></script>
<script defer src="//play.pokemonshowdown.com/js/lib/jquery-1.11.0.min.js"></script>
<script defer src="//play.pokemonshowdown.com/js/lib/html-sanitizer-minified.js"></script>
<script defer src="//play.pokemonshowdown.com/js/battle-sound.js"></script>
<script defer src="//play.pokemonshowdown.com/js/battledata.js?0.6315294753075389"></script>
<script defer src="//play.pokemonshowdown.com/data/pokedex-mini.js?0.7603743185311358"></script>
<script defer src="//play.pokemonshowdown.com/data/pokedex-mini-bw.js?0.030888842834281283"></script>
<script defer src="//play.pokemonshowdown.com/data/graphics.js?0.05593094747507488"></script>
<script defer src="//play.pokemonshowdown.com/data/pokedex.js?0.47064822249611904"></script>
<script defer src="//play.pokemonshowdown.com/data/moves.js?0.8583693120512459"></script>
<script defer src="//play.pokemonshowdown.com/data/abilities.js?0.16017181182386842"></script>
<script defer src="//play.pokemonshowdown.com/data/items.js?0.4163379185673943"></script>
<script defer src="//play.pokemonshowdown.com/data/teambuilder-tables.js?0.31075597372830477"></script>
<script defer src="//play.pokemonshowdown.com/js/battle-tooltips.js?0.6536193500708172"></script>
<script defer src="//play.pokemonshowdown.com/js/battle.js?0.1916591943277901"></script>

<script defer src="js/utils.js?e31f9a17"></script>
<script defer src="js/replays-battle.js?7008c182"></script>

<!-- don't scrape this data! just add .json or .log after the URL!
Full API docs: https://github.com/smogon/pokemon-showdown-client/blob/master/WEB-API.md -->
<script type="text/plain" class="log" id="replaylog-smogtours-gen3ou-796488">
|inactive|Battle timer is ON: inactive players will automatically lose when time's up.
|t:|1728420482
|gametype|singles
|player|p1|tub69|169|
|player|p2|RBVengeance|leaf-masters2|
|teamsize|p1|6
|teamsize|p2|6
|gen|3
|tier|[Gen 3] OU
|rule|Sleep Clause Mod: Limit one foe put to sleep
|rule|Switch Priority Clause Mod: Faster Pokémon switch first
|rule|Species Clause: Limit one of each Pokémon
|rule|OHKO Clause: OHKO moves are banned
|rule|Evasion Items Clause: Evasion items are banned
|rule|Evasion Moves Clause: Evasion moves are banned
|rule|Endless Battle Clause: Forcing endless battles is banned
|rule|HP Percentage Mod: HP is shown in percentages
|rule|One Boost Passer Clause: Limit one Baton Passer that has a way to boost its stats
|rule|Freeze Clause Mod: Limit one foe frozen
|
|t:|1728420482
|start
|switch|p1a: Forretress|Forretress, M|100/100
|switch|p2a: Borealis|Suicune|100/100
|turn|1
|c|☆tub69|glhf
|c|☆RBVengeance|hf!
|
|t:|1728420504
|switch|p1a: Zapdos|Zapdos|100/100
|move|p2a: Borealis|Surf|p1a: Zapdos
|-damage|p1a: Zapdos|71/100
|
|-heal|p1a: Zapdos|77/100|[from] item: Leftovers
|upkeep
|turn|2
|
|t:|1728420531
|switch|p2a: ur mom|Snorlax, F|100/100
|switch|p1a: Forretress|Forretress, M|100/100
|
|upkeep
|turn|3
|
|t:|1728420537
|move|p1a: Forretress|Spikes|p2a: ur mom
|-sidestart|p2: RBVengeance|Spikes
|move|p2a: ur mom|Body Slam|p1a: Forretress
|-resisted|p1a: Forretress
|-damage|p1a: Forretress|84/100
|
|-heal|p1a: Forretress|90/100|[from] item: Leftovers
|upkeep
|turn|4
|
|t:|1728420544
|move|p1a: Forretress|Spikes|p2a: ur mom
|-sidestart|p2: RBVengeance|Spikes
|move|p2a: ur mom|Earthquake|p1a: Forretress
|-crit|p1a: Forretress
|-damage|p1a: Forretress|44/100
|
|-heal|p1a: Forretress|50/100|[from] item: Leftovers
|upkeep
|turn|5
|
|t:|1728420552
|switch|p2a: Slamamence|Salamence, F|100/100
|-ability|p2a: Slamamence|Intimidate|boost
|-unboost|p1a: Forretress|atk|1
|move|p1a: Forretress|Spikes|p2a: Slamamence
|-sidestart|p2: RBVengeance|Spikes
|
|-heal|p1a: Forretress|56/100|[from] item: Leftovers
|upkeep
|turn|6
|
|t:|1728420562
|switch|p1a: Swampert|Swampert, M|100/100
|move|p2a: Slamamence|Dragon Claw|p1a: Swampert
|-damage|p1a: Swampert|63/100
|
|-heal|p1a: Swampert|69/100|[from] item: Leftovers
|upkeep
|turn|7
|
|t:|1728420569
|move|p2a: Slamamence|Hidden Power|p1a: Swampert
|-supereffective|p1a: Swampert
|-damage|p1a: Swampert|0 fnt
|faint|p1a: Swampert
|
|t:|1728420589
|switch|p1a: Celebi|Celebi|100/100
|
|upkeep
|turn|8
|
|t:|1728420600
|switch|p1a: Houndoom|Houndoom, M|100/100
|move|p2a: Slamamence|Fire Blast|p1a: Houndoom
|-start|p1a: Houndoom|ability: Flash Fire
|
|upkeep
|turn|9
|inactive|tub69 has 270 seconds left.
|
|t:|1728420643
|move|p1a: Houndoom|Crunch|p2a: Slamamence
|-damage|p2a: Slamamence|52/100
|move|p2a: Slamamence|Brick Break|p1a: Houndoom
|-supereffective|p1a: Houndoom
|-crit|p1a: Houndoom
|-damage|p1a: Houndoom|0 fnt
|faint|p1a: Houndoom
|c|☆RBVengeance|mb
|inactive|tub69 has 240 seconds left.
|
|t:|1728420682
|switch|p1a: Tyranitar|Tyranitar, F|100/100
|-weather|Sandstorm|[from] ability: Sand Stream|[of] p1a: Tyranitar
|
|-weather|Sandstorm|[upkeep]
|-damage|p2a: Slamamence|46/100|[from] Sandstorm
|-heal|p2a: Slamamence|52/100|[from] item: Leftovers
|upkeep
|turn|10
|
|t:|1728420692
|move|p2a: Slamamence|Brick Break|p1a: Tyranitar
|-supereffective|p1a: Tyranitar
|-damage|p1a: Tyranitar|14/100
|move|p1a: Tyranitar|Dragon Dance|p1a: Tyranitar
|-boost|p1a: Tyranitar|atk|1
|-boost|p1a: Tyranitar|spe|1
|
|-weather|Sandstorm|[upkeep]
|-damage|p2a: Slamamence|46/100|[from] Sandstorm
|-heal|p2a: Slamamence|52/100|[from] item: Leftovers
|upkeep
|turn|11
|
|t:|1728420704
|move|p1a: Tyranitar|Rock Slide|p2a: Slamamence
|-supereffective|p2a: Slamamence
|-damage|p2a: Slamamence|0 fnt
|faint|p2a: Slamamence
|
|t:|1728420709
|switch|p2a: Ciniks|Metagross|100/100
|-damage|p2a: Ciniks|76/100|[from] Spikes
|
|-weather|Sandstorm|[upkeep]
|upkeep
|turn|12
|
|t:|1728420713
|move|p1a: Tyranitar|Earthquake|p2a: Ciniks
|-supereffective|p2a: Ciniks
|-damage|p2a: Ciniks|0 fnt
|faint|p2a: Ciniks
|
|t:|1728420717
|switch|p2a: Borealis|Suicune|100/100
|-damage|p2a: Borealis|76/100|[from] Spikes
|
|-weather|Sandstorm|[upkeep]
|-damage|p2a: Borealis|70/100|[from] Sandstorm
|-heal|p2a: Borealis|76/100|[from] item: Leftovers
|upkeep
|turn|13
|inactive|tub69 has 240 seconds left.
|
|t:|1728420744
|move|p1a: Tyranitar|Rock Slide|p2a: Borealis
|-damage|p2a: Borealis|24/100
|cant|p2a: Borealis|flinch
|
|-weather|Sandstorm|[upkeep]
|-damage|p2a: Borealis|18/100|[from] Sandstorm
|-heal|p2a: Borealis|24/100|[from] item: Leftovers
|upkeep
|turn|14
|
|t:|1728420754
|move|p1a: Tyranitar|Earthquake|p2a: Borealis
|-crit|p2a: Borealis
|-damage|p2a: Borealis|0 fnt
|faint|p2a: Borealis
|
|t:|1728420758
|switch|p2a: ur mom|Snorlax, F|100/100
|-damage|p2a: ur mom|76/100|[from] Spikes
|
|-weather|Sandstorm|[upkeep]
|-damage|p2a: ur mom|69/100|[from] Sandstorm
|-heal|p2a: ur mom|76/100|[from] item: Leftovers
|upkeep
|turn|15
|
|t:|1728420765
|move|p1a: Tyranitar|Rock Slide|p2a: ur mom
|-damage|p2a: ur mom|27/100
|move|p2a: ur mom|Earthquake|p1a: Tyranitar
|-supereffective|p1a: Tyranitar
|-damage|p1a: Tyranitar|0 fnt
|faint|p1a: Tyranitar
|inactive|tub69 has 240 seconds left.
|
|t:|1728420808
|switch|p1a: Forretress|Forretress, M|56/100
|
|-weather|Sandstorm|[upkeep]
|-damage|p2a: ur mom|20/100|[from] Sandstorm
|-heal|p1a: Forretress|63/100|[from] item: Leftovers
|-heal|p2a: ur mom|27/100|[from] item: Leftovers
|upkeep
|turn|16
|
|t:|1728420819
|move|p1a: Forretress|Earthquake|p2a: ur mom
|-damage|p2a: ur mom|8/100
|move|p2a: ur mom|Self-Destruct|p1a: Forretress
|-resisted|p1a: Forretress
|-damage|p1a: Forretress|0 fnt
|faint|p2a: ur mom
|faint|p1a: Forretress
|inactive|tub69 has 240 seconds left.
|
|t:|1728420830
|switch|p1a: Zapdos|Zapdos|77/100
|switch|p2a: MAAAAAAA|Magneton|100/100
|-damage|p2a: MAAAAAAA|76/100|[from] Spikes
|
|-weather|Sandstorm|[upkeep]
|-damage|p1a: Zapdos|71/100|[from] Sandstorm
|-heal|p1a: Zapdos|77/100|[from] item: Leftovers
|upkeep
|turn|17
|inactive|tub69 has 240 seconds left.
|inactive|tub69 has 210 seconds left.
|
|t:|1728420872
|move|p2a: MAAAAAAA|Thunderbolt|p1a: Zapdos
|-damage|p1a: Zapdos|42/100
|move|p1a: Zapdos|Thunderbolt|p2a: MAAAAAAA
|-resisted|p2a: MAAAAAAA
|-damage|p2a: MAAAAAAA|43/100
|
|-weather|Sandstorm|[upkeep]
|-damage|p1a: Zapdos|36/100|[from] Sandstorm
|-heal|p1a: Zapdos|42/100|[from] item: Leftovers
|upkeep
|turn|18
|inactive|tub69 has 210 seconds left.
|
|t:|1728420892
|move|p2a: MAAAAAAA|Thunder Wave|p1a: Zapdos
|-status|p1a: Zapdos|par
|move|p1a: Zapdos|Roar|p2a: MAAAAAAA
|drag|p2a: Bugzzy|Heracross, M|100/100
|-damage|p2a: Bugzzy|75/100|[from] Spikes
|
|-weather|Sandstorm|[upkeep]
|-damage|p2a: Bugzzy|69/100|[from] Sandstorm
|-damage|p1a: Zapdos|36/100 par|[from] Sandstorm
|-heal|p1a: Zapdos|42/100 par|[from] item: Leftovers
|upkeep
|turn|19
|inactive|tub69 has 210 seconds left.
|
|t:|1728420904
|move|p2a: Bugzzy|Rock Slide|p1a: Zapdos
|-supereffective|p1a: Zapdos
|-damage|p1a: Zapdos|0 fnt
|faint|p1a: Zapdos
|
|t:|1728420907
|switch|p1a: Celebi|Celebi|100/100
|
|-weather|Sandstorm|[upkeep]
|-damage|p1a: Celebi|94/100|[from] Sandstorm
|-damage|p2a: Bugzzy|63/100|[from] Sandstorm
|-heal|p1a: Celebi|100/100|[from] item: Leftovers
|upkeep
|turn|20
|inactive|tub69 has 210 seconds left.
|
|t:|1728420921
|move|p1a: Celebi|Psychic|p2a: Bugzzy
|-supereffective|p2a: Bugzzy
|-damage|p2a: Bugzzy|0 fnt
|faint|p2a: Bugzzy
|
|t:|1728420925
|switch|p2a: MAAAAAAA|Magneton|43/100
|-damage|p2a: MAAAAAAA|18/100|[from] Spikes
|
|-weather|Sandstorm|[upkeep]
|-damage|p1a: Celebi|94/100|[from] Sandstorm
|-heal|p1a: Celebi|100/100|[from] item: Leftovers
|upkeep
|turn|21
|
|t:|1728420931
|move|p1a: Celebi|Hidden Power|p2a: MAAAAAAA
|-supereffective|p2a: MAAAAAAA
|-damage|p2a: MAAAAAAA|0 fnt
|faint|p2a: MAAAAAAA
|
|win|tub69
|c|☆tub69|gg
|c|☆RBVengeance|gg

</script>
<script type="application/json" class="data" id="replaydata-smogtours-gen3ou-796488">
{"id":"smogtours-gen3ou-796488","format":"[Gen 3] OU","players":["tub69","RBVengeance"],"uploadtime":1728420931,"views":130,"formatid":"gen3ou","rating":null,"private":0,"password":null}
</script>

<script defer src="js/replays.js?9d40a366"></script>
