<!DOCTYPE html>
<meta charset="utf-8" />
<meta name="viewport" content="width=device-width" />

<title>[Gen 3] OU: Xamvant vs. UponLink - Replays - Pok&eacute;mon Showdown!</title>

<meta name="description" content="Watch a replay of a Pok&eacute;mon battle between Xamvant and UponLink! Format: [Gen 3] OU; Date: Oct 23, 2024" />
<!--

Hey, you! Looking in the source for the replay log?

You can find them in JSON format, just add `.json` at the end of a replay URL.

https://replay.pokemonshowdown.com/gen7randomdoublesbattle-865046831.json

Or, if you only need the log itself, add `.log` instead:

https://replay.pokemonshowdown.com/gen7randomdoublesbattle-865046831.log

-->

<link rel="stylesheet" href="//pokemonshowdown.com/style/global.css?0.767286132409787" />
<link rel="stylesheet" href="//play.pokemonshowdown.com/style/font-awesome.css?0.9266228007934947" />
<link rel="stylesheet" href="//play.pokemonshowdown.com/style/battle.css?0.7924700842790926" />
<link rel="stylesheet" href="//play.pokemonshowdown.com/style/utilichart.css?0.8777417872839479" />

<!-- Global site tag (gtag.js) - Google Analytics -->
<script async src="https://www.googletagmanager.com/gtag/js?id=UA-26211653-1"></script>
<script>
  window.dataLayer = window.dataLayer || [];
  function gtag(){dataLayer.push(arguments);}
  gtag('js', new Date());

  gtag('config', 'UA-26211653-1');
</script>
<!-- End Google Analytics -->
<!-- Venatus Ad Manager - Install in <HEAD> of page -->
	<script src="https://hb.vntsm.com/v3/live/ad-manager.min.js" type="text/javascript" data-site-id="642aba63ec9a7b11c3c9c1be" data-mode="scan" async></script>
<!-- / Venatus Ad Manager -->

<style>
	@media (max-width:820px) {
		.battle {
			margin: 0 auto;
		}
		.battle-log {
			margin: 7px auto 0;
			max-width: 640px;
			height: 300px;
			position: static;
		}
	}
	.optgroup {
		display: inline-block;
		line-height: 22px;
		font-size: 10pt;
	}
	.optgroup .button {
		height: 25px;
		padding-top: 0;
		padding-bottom: 0;
	}
	.optgroup button.button {
		padding-left: 12px;
		padding-right: 12px;
	}
	.linklist {
		list-style: none;
		margin: 0.5em 0;
		padding: 0;
	}
	.linklist li {
		padding: 2px 0;
	}
	.sidebar {
		float: left;
		width: 320px;
	}
	.bar-wrapper {
		max-width: 1100px;
		margin: 0 auto;
	}
	.bar-wrapper.has-sidebar {
		max-width: 1430px;
	}
	.mainbar {
		margin: 0;
		padding-right: 1px;
	}
	.mainbar.has-sidebar {
		margin-left: 330px;
	}
	@media (min-width: 1511px) {
		.sidebar {
			width: 400px;
		}
		.bar-wrapper.has-sidebar {
			max-width: 1510px;
		}
		.mainbar.has-sidebar {
			margin-left: 410px;
		}
	}
	.section.first-section {
		margin-top: 9px;
	}
	.blocklink small {
		white-space: normal;
	}
	.button {
		vertical-align: middle;
	}
	.replay-controls {
		padding-top: 10px;
	}
	.replay-controls h1 {
		font-size: 16pt;
		font-weight: normal;
		color: #CCC;
	}
	.pagelink {
		text-align: center;
	}
	.pagelink a {
		width: 150px;
	}
	.textbox, .button {
		font-size: 11pt;
		vertical-align: middle;
	}
	@media (max-width: 450px) {
		.button {
			font-size: 9pt;
		}
	}
</style>

<div>

	<header>
		<div class="nav-wrapper"><ul class="nav">
			<li><a class="button nav-first" href="//pokemonshowdown.com/"><img src="//pokemonshowdown.com/images/pokemonshowdownbeta.png" srcset="//pokemonshowdown.com/images/pokemonshowdownbeta.png 1x, //pokemonshowdown.com/images/pokemonshowdownbeta@2x.png 2x" alt="Pok&eacute;mon Showdown" width="146" height="44" /> Home</a></li>
			<li><a class="button" href="//pokemonshowdown.com/dex/">Pok&eacute;dex</a></li>
			<li><a class="button cur" href="/">Replays</a></li>
			<li><a class="button" href="//pokemonshowdown.com/ladder/">Ladder</a></li>
			<li><a class="button nav-last" href="//pokemonshowdown.com/forums/">Forum</a></li>
			<li><a class="button greenbutton nav-first nav-last" href="//play.pokemonshowdown.com/">Play</a></li>
		</ul></div>
	</header>

	<div class="main" id="main">

		<noscript><section class="section">You need to enable JavaScript to use this page; sorry!</section></noscript>

	</div>

</div>

<script defer nomodule src="//play.pokemonshowdown.com/js/lib/ps-polyfill.js"></script>
<script defer src="//play.pokemonshowdown.com/js/lib/preact.min.js"></script>

<script defer src="//play.pokemonshowdown.com/config/config.js?6dec07f6"></script>
<script defer src="//play.pokemonshowdown.com/js/lib/jquery-1.11.0.min.js"></script>
<script defer src="//play.pokemonshowdown.com/js/lib/html-sanitizer-minified.js"></script>
<script defer src="//play.pokemonshowdown.com/js/battle-sound.js"></script>
<script defer src="//play.pokemonshowdown.com/js/battledata.js?0.6315294753075389"></script>
<script defer src="//play.pokemonshowdown.com/data/pokedex-mini.js?0.7603743185311358"></script>
<script defer src="//play.pokemonshowdown.com/data/pokedex-mini-bw.js?0.030888842834281283"></script>
<script defer src="//play.pokemonshowdown.com/data/graphics.js?0.05593094747507488"></script>
<script defer src="//play.pokemonshowdown.com/data/pokedex.js?0.47064822249611904"></script>
<script defer src="//play.pokemonshowdown.com/data/moves.js?0.8583693120512459"></script>
<script defer src="//play.pokemonshowdown.com/data/abilities.js?0.16017181182386842"></script>
<script defer src="//play.pokemonshowdown.com/data/items.js?0.4163379185673943"></script>
<script defer src="//play.pokemonshowdown.com/data/teambuilder-tables.js?0.31075597372830477"></script>
<script defer src="//play.pokemonshowdown.com/js/battle-tooltips.js?0.6536193500708172"></script>
<script defer src="//play.pokemonshowdown.com/js/battle.js?0.1916591943277901"></script>

<script defer src="js/utils.js?e31f9a17"></script>
<script defer src="js/replays-battle.js?7008c182"></script>

<!-- don't scrape this data! just add .json or .log after the URL!
Full API docs: https://github.com/smogon/pokemon-showdown-client/blob/master/WEB-API.md -->
<script type="text/plain" class="log" id="replaylog-smogtours-gen3ou-801322">
|inactive|Battle timer is ON: inactive players will automatically lose when time's up.
|t:|1729645382
|gametype|singles
|player|p1|Xamvant|170|
|player|p2|UponLink|169|
|teamsize|p1|6
|teamsize|p2|6
|gen|3
|tier|[Gen 3] OU
|rule|Sleep Clause Mod: Limit one foe put to sleep
|rule|Switch Priority Clause Mod: Faster Pokémon switch first
|rule|Species Clause: Limit one of each Pokémon
|rule|OHKO Clause: OHKO moves are banned
|rule|Evasion Items Clause: Evasion items are banned
|rule|Evasion Moves Clause: Evasion moves are banned
|rule|Endless Battle Clause: Forcing endless battles is banned
|rule|HP Percentage Mod: HP is shown in percentages
|rule|One Boost Passer Clause: Limit one Baton Passer that has a way to boost its stats
|rule|Freeze Clause Mod: Limit one foe frozen
|
|t:|1729645382
|start
|switch|p1a: Suicune|Suicune|100/100
|switch|p2a: Slaking|Slaking, M|100/100
|turn|1
|
|t:|1729645398
|move|p2a: Slaking|Double-Edge|p1a: Suicune
|-damage|p1a: Suicune|7/100
|-damage|p2a: Slaking|75/100|[from] Recoil|[of] p1a: Suicune
|move|p1a: Suicune|Hydro Pump|p2a: Slaking
|-damage|p2a: Slaking|11/100
|
|-heal|p1a: Suicune|13/100|[from] item: Leftovers
|upkeep
|turn|2
|
|t:|1729645407
|switch|p2a: Starmie|Starmie|100/100
|move|p1a: Suicune|Ice Beam|p2a: Starmie
|-resisted|p2a: Starmie
|-damage|p2a: Starmie|78/100
|-status|p2a: Starmie|frz
|
|-heal|p2a: Starmie|84/100 frz|[from] item: Leftovers
|-heal|p1a: Suicune|19/100|[from] item: Leftovers
|upkeep
|turn|3
|
|t:|1729645413
|-curestatus|p2a: Starmie|frz|[from] ability: Natural Cure
|switch|p2a: Slaking|Slaking, M|11/100
|move|p1a: Suicune|Hydro Pump|p2a: Slaking
|-damage|p2a: Slaking|0 fnt
|faint|p2a: Slaking
|
|t:|1729645415
|switch|p2a: Starmie|Starmie|84/100
|
|-heal|p2a: Starmie|90/100|[from] item: Leftovers
|-heal|p1a: Suicune|25/100|[from] item: Leftovers
|upkeep
|turn|4
|
|t:|1729645427
|switch|p1a: Snorlax|Snorlax, M|100/100
|move|p2a: Starmie|Thunderbolt|p1a: Snorlax
|-damage|p1a: Snorlax|83/100
|
|-heal|p2a: Starmie|96/100|[from] item: Leftovers
|-heal|p1a: Snorlax|89/100|[from] item: Leftovers
|upkeep
|turn|5
|
|t:|1729645436
|switch|p2a: Metagross|Metagross|100/100
|move|p1a: Snorlax|Body Slam|p2a: Metagross
|-resisted|p2a: Metagross
|-damage|p2a: Metagross|83/100
|
|-heal|p1a: Snorlax|95/100|[from] item: Leftovers
|upkeep
|turn|6
|
|t:|1729645442
|move|p2a: Metagross|Meteor Mash|p1a: Snorlax
|-damage|p1a: Snorlax|17/100
|move|p1a: Snorlax|Earthquake|p2a: Metagross
|-supereffective|p2a: Metagross
|-damage|p2a: Metagross|31/100
|
|-heal|p1a: Snorlax|23/100|[from] item: Leftovers
|upkeep
|turn|7
|
|t:|1729645449
|switch|p1a: Metagross|Metagross|100/100
|move|p2a: Metagross|Meteor Mash|p1a: Metagross
|-resisted|p1a: Metagross
|-damage|p1a: Metagross|61/100
|
|upkeep
|turn|8
|
|t:|1729645459
|move|p1a: Metagross|Meteor Mash|p2a: Metagross
|-resisted|p2a: Metagross
|-damage|p2a: Metagross|0 fnt
|-boost|p1a: Metagross|atk|1
|faint|p2a: Metagross
|
|t:|1729645476
|switch|p2a: Magneton|Magneton|100/100
|
|upkeep
|turn|9
|
|t:|1729645481
|move|p2a: Magneton|Hidden Power|p1a: Metagross
|-supereffective|p1a: Metagross
|-damage|p1a: Metagross|3/100
|move|p1a: Metagross|Meteor Mash|p2a: Magneton
|-resisted|p2a: Magneton
|-damage|p2a: Magneton|54/100
|
|upkeep
|turn|10
|
|t:|1729645484
|move|p2a: Magneton|Hidden Power|p1a: Metagross
|-supereffective|p1a: Metagross
|-damage|p1a: Metagross|0 fnt
|faint|p1a: Metagross
|
|t:|1729645508
|switch|p1a: Salamence|Salamence, M|100/100
|-ability|p1a: Salamence|Intimidate|boost
|-unboost|p2a: Magneton|atk|1
|
|upkeep
|turn|11
|
|t:|1729645518
|switch|p2a: Starmie|Starmie|96/100
|move|p1a: Salamence|Brick Break|p2a: Starmie
|-resisted|p2a: Starmie
|-damage|p2a: Starmie|80/100
|
|-heal|p2a: Starmie|86/100|[from] item: Leftovers
|upkeep
|turn|12
|
|t:|1729645532
|switch|p1a: Suicune|Suicune|25/100
|move|p2a: Starmie|Ice Beam|p1a: Suicune
|-resisted|p1a: Suicune
|-damage|p1a: Suicune|14/100
|
|-heal|p2a: Starmie|92/100|[from] item: Leftovers
|-heal|p1a: Suicune|20/100|[from] item: Leftovers
|upkeep
|turn|13
|
|t:|1729645535
|move|p2a: Starmie|Thunderbolt|p1a: Suicune
|-supereffective|p1a: Suicune
|-damage|p1a: Suicune|0 fnt
|faint|p1a: Suicune
|
|t:|1729645544
|switch|p1a: Magneton|Magneton|100/100
|
|-heal|p2a: Starmie|98/100|[from] item: Leftovers
|upkeep
|turn|14
|
|t:|1729645553
|switch|p2a: Magneton|Magneton|54/100
|move|p1a: Magneton|Thunderbolt|p2a: Magneton
|-resisted|p2a: Magneton
|-damage|p2a: Magneton|4/100
|
|upkeep
|turn|15
|
|t:|1729645558
|move|p1a: Magneton|Hidden Power|p2a: Magneton
|-supereffective|p2a: Magneton
|-damage|p2a: Magneton|0 fnt
|faint|p2a: Magneton
|
|t:|1729645582
|switch|p2a: Aerodactyl|Aerodactyl, M|100/100
|
|upkeep
|turn|16
|
|t:|1729645592
|switch|p2a: Starmie|Starmie|98/100
|move|p1a: Magneton|Thunderbolt|p2a: Starmie
|-supereffective|p2a: Starmie
|-damage|p2a: Starmie|0 fnt
|faint|p2a: Starmie
|
|t:|1729645599
|switch|p2a: Aerodactyl|Aerodactyl, M|100/100
|
|upkeep
|turn|17
|
|t:|1729645602
|move|p2a: Aerodactyl|Earthquake|p1a: Magneton
|-supereffective|p1a: Magneton
|-damage|p1a: Magneton|0 fnt
|faint|p1a: Magneton
|
|t:|1729645605
|switch|p1a: Salamence|Salamence, M|100/100
|-ability|p1a: Salamence|Intimidate|boost
|-unboost|p2a: Aerodactyl|atk|1
|
|upkeep
|turn|18
|
|t:|1729645608
|switch|p2a: Tyranitar|Tyranitar, M|100/100
|-weather|Sandstorm|[from] ability: Sand Stream|[of] p2a: Tyranitar
|move|p1a: Salamence|Fire Blast|p2a: Tyranitar
|-resisted|p2a: Tyranitar
|-damage|p2a: Tyranitar|82/100
|
|-weather|Sandstorm|[upkeep]
|-damage|p1a: Salamence|94/100|[from] Sandstorm
|-heal|p1a: Salamence|100/100|[from] item: Leftovers
|upkeep
|turn|19
|
|t:|1729645611
|move|p1a: Salamence|Brick Break|p2a: Tyranitar
|-supereffective|p2a: Tyranitar
|-damage|p2a: Tyranitar|0 fnt
|faint|p2a: Tyranitar
|
|t:|1729645613
|switch|p2a: Aerodactyl|Aerodactyl, M|100/100
|
|-weather|Sandstorm|[upkeep]
|-damage|p1a: Salamence|94/100|[from] Sandstorm
|-heal|p1a: Salamence|100/100|[from] item: Leftovers
|upkeep
|turn|20
|
|t:|1729645615
|switch|p1a: Snorlax|Snorlax, M|23/100
|move|p2a: Aerodactyl|Rock Slide|p1a: Snorlax
|-damage|p1a: Snorlax|0 fnt
|faint|p1a: Snorlax
|
|t:|1729645625
|switch|p1a: Salamence|Salamence, M|100/100
|-ability|p1a: Salamence|Intimidate|boost
|-unboost|p2a: Aerodactyl|atk|1
|
|-weather|Sandstorm|[upkeep]
|-damage|p1a: Salamence|94/100|[from] Sandstorm
|-heal|p1a: Salamence|100/100|[from] item: Leftovers
|upkeep
|turn|21
|
|t:|1729645633
|switch|p1a: Heracross|Heracross, M|100/100
|move|p2a: Aerodactyl|Rock Slide|p1a: Heracross
|-damage|p1a: Heracross|56/100
|
|-weather|Sandstorm|[upkeep]
|-damage|p1a: Heracross|50/100|[from] Sandstorm
|upkeep
|turn|22
|
|t:|1729645638
|move|p2a: Aerodactyl|Rock Slide|p1a: Heracross|[miss]
|-miss|p2a: Aerodactyl|p1a: Heracross
|move|p1a: Heracross|Megahorn|p2a: Aerodactyl
|-resisted|p2a: Aerodactyl
|-damage|p2a: Aerodactyl|50/100
|
|-weather|Sandstorm|[upkeep]
|-damage|p1a: Heracross|44/100|[from] Sandstorm
|upkeep
|turn|23
|
|t:|1729645640
|move|p2a: Aerodactyl|Rock Slide|p1a: Heracross
|-damage|p1a: Heracross|0 fnt
|faint|p1a: Heracross
|
|t:|1729645642
|switch|p1a: Salamence|Salamence, M|100/100
|-ability|p1a: Salamence|Intimidate|boost
|-unboost|p2a: Aerodactyl|atk|1
|
|-weather|Sandstorm|[upkeep]
|-damage|p1a: Salamence|94/100|[from] Sandstorm
|-heal|p1a: Salamence|100/100|[from] item: Leftovers
|upkeep
|turn|24
|
|t:|1729645646
|move|p2a: Aerodactyl|Rock Slide|p1a: Salamence|[miss]
|-miss|p2a: Aerodactyl|p1a: Salamence
|move|p1a: Salamence|Dragon Claw|p2a: Aerodactyl
|-damage|p2a: Aerodactyl|0 fnt
|faint|p2a: Aerodactyl
|
|win|Xamvant
|c|☆UponLink|I’m amazed you stayed in

</script>
<script type="application/json" class="data" id="replaydata-smogtours-gen3ou-801322">
{"id":"smogtours-gen3ou-801322","format":"[Gen 3] OU","players":["Xamvant","UponLink"],"uploadtime":1729645646,"views":85,"formatid":"gen3ou","rating":null,"private":0,"password":null}
</script>

<script defer src="js/replays.js?9d40a366"></script>
