<!DOCTYPE html>
<meta charset="utf-8" />
<meta name="viewport" content="width=device-width" />

<title>[Gen 3] OU: philiposophical vs. go-go-zeppeli-1890 - Replays - Pok&eacute;mon Showdown!</title>

<meta name="description" content="Watch a replay of a Pok&eacute;mon battle between philiposophical and go-go-zeppeli-1890! Format: [Gen 3] OU; Date: Oct 5, 2024" />
<!--

Hey, you! Looking in the source for the replay log?

You can find them in JSON format, just add `.json` at the end of a replay URL.

https://replay.pokemonshowdown.com/gen7randomdoublesbattle-865046831.json

Or, if you only need the log itself, add `.log` instead:

https://replay.pokemonshowdown.com/gen7randomdoublesbattle-865046831.log

-->

<link rel="stylesheet" href="//pokemonshowdown.com/style/global.css?0.767286132409787" />
<link rel="stylesheet" href="//play.pokemonshowdown.com/style/font-awesome.css?0.9266228007934947" />
<link rel="stylesheet" href="//play.pokemonshowdown.com/style/battle.css?0.7924700842790926" />
<link rel="stylesheet" href="//play.pokemonshowdown.com/style/utilichart.css?0.8777417872839479" />

<!-- Global site tag (gtag.js) - Google Analytics -->
<script async src="https://www.googletagmanager.com/gtag/js?id=UA-26211653-1"></script>
<script>
  window.dataLayer = window.dataLayer || [];
  function gtag(){dataLayer.push(arguments);}
  gtag('js', new Date());

  gtag('config', 'UA-26211653-1');
</script>
<!-- End Google Analytics -->
<!-- Venatus Ad Manager - Install in <HEAD> of page -->
	<script src="https://hb.vntsm.com/v3/live/ad-manager.min.js" type="text/javascript" data-site-id="642aba63ec9a7b11c3c9c1be" data-mode="scan" async></script>
<!-- / Venatus Ad Manager -->

<style>
	@media (max-width:820px) {
		.battle {
			margin: 0 auto;
		}
		.battle-log {
			margin: 7px auto 0;
			max-width: 640px;
			height: 300px;
			position: static;
		}
	}
	.optgroup {
		display: inline-block;
		line-height: 22px;
		font-size: 10pt;
	}
	.optgroup .button {
		height: 25px;
		padding-top: 0;
		padding-bottom: 0;
	}
	.optgroup button.button {
		padding-left: 12px;
		padding-right: 12px;
	}
	.linklist {
		list-style: none;
		margin: 0.5em 0;
		padding: 0;
	}
	.linklist li {
		padding: 2px 0;
	}
	.sidebar {
		float: left;
		width: 320px;
	}
	.bar-wrapper {
		max-width: 1100px;
		margin: 0 auto;
	}
	.bar-wrapper.has-sidebar {
		max-width: 1430px;
	}
	.mainbar {
		margin: 0;
		padding-right: 1px;
	}
	.mainbar.has-sidebar {
		margin-left: 330px;
	}
	@media (min-width: 1511px) {
		.sidebar {
			width: 400px;
		}
		.bar-wrapper.has-sidebar {
			max-width: 1510px;
		}
		.mainbar.has-sidebar {
			margin-left: 410px;
		}
	}
	.section.first-section {
		margin-top: 9px;
	}
	.blocklink small {
		white-space: normal;
	}
	.button {
		vertical-align: middle;
	}
	.replay-controls {
		padding-top: 10px;
	}
	.replay-controls h1 {
		font-size: 16pt;
		font-weight: normal;
		color: #CCC;
	}
	.pagelink {
		text-align: center;
	}
	.pagelink a {
		width: 150px;
	}
	.textbox, .button {
		font-size: 11pt;
		vertical-align: middle;
	}
	@media (max-width: 450px) {
		.button {
			font-size: 9pt;
		}
	}
</style>

<div>

	<header>
		<div class="nav-wrapper"><ul class="nav">
			<li><a class="button nav-first" href="//pokemonshowdown.com/"><img src="//pokemonshowdown.com/images/pokemonshowdownbeta.png" srcset="//pokemonshowdown.com/images/pokemonshowdownbeta.png 1x, //pokemonshowdown.com/images/pokemonshowdownbeta@2x.png 2x" alt="Pok&eacute;mon Showdown" width="146" height="44" /> Home</a></li>
			<li><a class="button" href="//pokemonshowdown.com/dex/">Pok&eacute;dex</a></li>
			<li><a class="button cur" href="/">Replays</a></li>
			<li><a class="button" href="//pokemonshowdown.com/ladder/">Ladder</a></li>
			<li><a class="button nav-last" href="//pokemonshowdown.com/forums/">Forum</a></li>
			<li><a class="button greenbutton nav-first nav-last" href="//play.pokemonshowdown.com/">Play</a></li>
		</ul></div>
	</header>

	<div class="main" id="main">

		<noscript><section class="section">You need to enable JavaScript to use this page; sorry!</section></noscript>

	</div>

</div>

<script defer nomodule src="//play.pokemonshowdown.com/js/lib/ps-polyfill.js"></script>
<script defer src="//play.pokemonshowdown.com/js/lib/preact.min.js"></script>

<script defer src="//play.pokemonshowdown.com/config/config.js?6dec07f6"></script>
<script defer src="//play.pokemonshowdown.com/js/lib/jquery-1.11.0.min.js"></script>
<script defer src="//play.pokemonshowdown.com/js/lib/html-sanitizer-minified.js"></script>
<script defer src="//play.pokemonshowdown.com/js/battle-sound.js"></script>
<script defer src="//play.pokemonshowdown.com/js/battledata.js?0.6315294753075389"></script>
<script defer src="//play.pokemonshowdown.com/data/pokedex-mini.js?0.7603743185311358"></script>
<script defer src="//play.pokemonshowdown.com/data/pokedex-mini-bw.js?0.030888842834281283"></script>
<script defer src="//play.pokemonshowdown.com/data/graphics.js?0.05593094747507488"></script>
<script defer src="//play.pokemonshowdown.com/data/pokedex.js?0.47064822249611904"></script>
<script defer src="//play.pokemonshowdown.com/data/moves.js?0.8583693120512459"></script>
<script defer src="//play.pokemonshowdown.com/data/abilities.js?0.16017181182386842"></script>
<script defer src="//play.pokemonshowdown.com/data/items.js?0.4163379185673943"></script>
<script defer src="//play.pokemonshowdown.com/data/teambuilder-tables.js?0.31075597372830477"></script>
<script defer src="//play.pokemonshowdown.com/js/battle-tooltips.js?0.6536193500708172"></script>
<script defer src="//play.pokemonshowdown.com/js/battle.js?0.1916591943277901"></script>

<script defer src="js/utils.js?e31f9a17"></script>
<script defer src="js/replays-battle.js?7008c182"></script>

<!-- don't scrape this data! just add .json or .log after the URL!
Full API docs: https://github.com/smogon/pokemon-showdown-client/blob/master/WEB-API.md -->
<script type="text/plain" class="log" id="replaylog-smogtours-gen3ou-795058">
|inactive|Battle timer is ON: inactive players will automatically lose when time's up.
|t:|1728149792
|gametype|singles
|player|p1|philiposophical|rocketgruntf|
|player|p2|go-go-zeppeli-1890|2|
|teamsize|p1|6
|teamsize|p2|6
|gen|3
|tier|[Gen 3] OU
|rule|Sleep Clause Mod: Limit one foe put to sleep
|rule|Switch Priority Clause Mod: Faster Pokémon switch first
|rule|Species Clause: Limit one of each Pokémon
|rule|OHKO Clause: OHKO moves are banned
|rule|Evasion Items Clause: Evasion items are banned
|rule|Evasion Moves Clause: Evasion moves are banned
|rule|Endless Battle Clause: Forcing endless battles is banned
|rule|HP Percentage Mod: HP is shown in percentages
|rule|One Boost Passer Clause: Limit one Baton Passer that has a way to boost its stats
|rule|Freeze Clause Mod: Limit one foe frozen
|
|t:|1728149792
|start
|switch|p1a: Zapdos|Zapdos|100/100
|switch|p2a: Zapdos|Zapdos|100/100
|turn|1
|
|t:|1728149803
|move|p1a: Zapdos|Thunderbolt|p2a: Zapdos
|-damage|p2a: Zapdos|43/100
|move|p2a: Zapdos|Substitute|p2a: Zapdos
|-start|p2a: Zapdos|Substitute
|-damage|p2a: Zapdos|18/100
|
|-heal|p2a: Zapdos|24/100|[from] item: Leftovers
|upkeep
|turn|2
|c|☆go-go-zeppeli-1890|>spiderman meme
|
|t:|1728149815
|move|p2a: Zapdos|Thunderbolt|p1a: Zapdos
|-damage|p1a: Zapdos|49/100
|move|p1a: Zapdos|Roar|p2a: Zapdos
|drag|p2a: Regirock|Regirock|100/100
|
|-heal|p1a: Zapdos|55/100|[from] item: Leftovers
|upkeep
|turn|3
|c|☆philiposophical|Not you again
|c|☆go-go-zeppeli-1890|he's baaaaaack
|
|t:|1728149834
|move|p1a: Zapdos|Thunderbolt|p2a: Regirock
|-damage|p2a: Regirock|57/100
|move|p2a: Regirock|Thunder Wave|p1a: Zapdos
|-status|p1a: Zapdos|par
|
|-heal|p1a: Zapdos|61/100 par|[from] item: Leftovers
|upkeep
|turn|4
|c|☆philiposophical|Can this rock go to hell
|
|t:|1728149847
|move|p2a: Regirock|Rock Slide|p1a: Zapdos
|-supereffective|p1a: Zapdos
|-damage|p1a: Zapdos|0 fnt
|faint|p1a: Zapdos
|c|☆go-go-zeppeli-1890|my game plan is essentially rock
|
|t:|1728149853
|switch|p1a: Metagross|Metagross|100/100
|
|upkeep
|turn|5
|
|t:|1728149857
|switch|p2a: Zapdos|Zapdos|24/100
|move|p1a: Metagross|Meteor Mash|p2a: Zapdos
|-resisted|p2a: Zapdos
|-damage|p2a: Zapdos|0 fnt
|faint|p2a: Zapdos
|c|☆philiposophical|I wish thie
|c|☆philiposophical|This was rock wrecker meta
|inactive|go-go-zeppeli-1890 has 270 seconds left.
|
|t:|1728149902
|switch|p2a: Suicune|Suicune|100/100
|
|upkeep
|turn|6
|
|t:|1728149907
|switch|p1a: Celebi|Celebi|100/100
|move|p2a: Suicune|Substitute|p2a: Suicune
|-start|p2a: Suicune|Substitute
|-damage|p2a: Suicune|75/100
|
|-heal|p2a: Suicune|82/100|[from] item: Leftovers
|upkeep
|turn|7
|
|t:|1728149919
|move|p1a: Celebi|Psychic|p2a: Suicune
|-end|p2a: Suicune|Substitute
|move|p2a: Suicune|Ice Beam|p1a: Celebi
|-supereffective|p1a: Celebi
|-damage|p1a: Celebi|52/100
|
|-heal|p1a: Celebi|58/100|[from] item: Leftovers
|-heal|p2a: Suicune|88/100|[from] item: Leftovers
|upkeep
|turn|8
|
|t:|1728149930
|move|p1a: Celebi|Psychic|p2a: Suicune
|-damage|p2a: Suicune|65/100
|move|p2a: Suicune|Ice Beam|p1a: Celebi
|-supereffective|p1a: Celebi
|-damage|p1a: Celebi|15/100
|
|-heal|p1a: Celebi|21/100|[from] item: Leftovers
|-heal|p2a: Suicune|71/100|[from] item: Leftovers
|upkeep
|turn|9
|
|t:|1728149940
|switch|p1a: Metagross|Metagross|100/100
|move|p2a: Suicune|Ice Beam|p1a: Metagross
|-resisted|p1a: Metagross
|-damage|p1a: Metagross|85/100
|
|-heal|p2a: Suicune|77/100|[from] item: Leftovers
|upkeep
|turn|10
|
|t:|1728149955
|move|p1a: Metagross|Earthquake|p2a: Suicune
|-damage|p2a: Suicune|30/100
|move|p2a: Suicune|Substitute|p2a: Suicune
|-start|p2a: Suicune|Substitute
|-damage|p2a: Suicune|5/100
|
|-heal|p2a: Suicune|12/100|[from] item: Leftovers
|upkeep
|turn|11
|
|t:|1728149963
|move|p1a: Metagross|Earthquake|p2a: Suicune
|-crit|p2a: Suicune
|-end|p2a: Suicune|Substitute
|move|p2a: Suicune|Hydro Pump|p1a: Metagross
|-damage|p1a: Metagross|25/100
|
|-heal|p2a: Suicune|18/100|[from] item: Leftovers
|upkeep
|turn|12
|
|t:|1728149974
|switch|p2a: Gengar|Gengar, F|100/100
|move|p1a: Metagross|Earthquake|p2a: Gengar
|-immune|p2a: Gengar
|
|upkeep
|turn|13
|c|☆philiposophical|I dont like your defensive cores
|c|☆philiposophical|Theyre rude
|
|t:|1728149996
|switch|p1a: Charizard|Charizard, M|100/100
|move|p2a: Gengar|Fire Punch|p1a: Charizard
|-resisted|p1a: Charizard
|-damage|p1a: Charizard|82/100
|
|-heal|p1a: Charizard|88/100|[from] item: Leftovers
|upkeep
|turn|14
|c|☆go-go-zeppeli-1890|at least it's not blissey and skarm
|c|☆philiposophical|Id prefer skarmbliss lowkey
|c|☆go-go-zeppeli-1890|i have a vendetta against them
|
|t:|1728150013
|move|p2a: Gengar|Thunderbolt|p1a: Charizard
|-supereffective|p1a: Charizard
|-damage|p1a: Charizard|0 fnt
|faint|p1a: Charizard
|c|☆philiposophical|No way i forgot it carries tbolt
|inactive|philiposophical has 270 seconds left.
|c|☆philiposophical|Yeah gg
|
|t:|1728150026
|switch|p1a: Tyranitar|Tyranitar, M|100/100
|-weather|Sandstorm|[from] ability: Sand Stream|[of] p1a: Tyranitar
|
|-weather|Sandstorm|[upkeep]
|-damage|p2a: Gengar|94/100|[from] Sandstorm
|-heal|p2a: Gengar|100/100|[from] item: Leftovers
|upkeep
|turn|15
|inactive|philiposophical has 270 seconds left.
|inactive|go-go-zeppeli-1890 has 270 seconds left.
|
|t:|1728150074
|move|p2a: Gengar|Protect|p2a: Gengar
|-singleturn|p2a: Gengar|Protect
|move|p1a: Tyranitar|Hidden Power|p2a: Gengar
|-activate|p2a: Gengar|Protect
|
|-weather|Sandstorm|[upkeep]
|-damage|p2a: Gengar|94/100|[from] Sandstorm
|-heal|p2a: Gengar|100/100|[from] item: Leftovers
|upkeep
|turn|16
|inactive|philiposophical has 270 seconds left.
|
|t:|1728150087
|move|p2a: Gengar|Thunderbolt|p1a: Tyranitar
|-damage|p1a: Tyranitar|69/100
|move|p1a: Tyranitar|Ice Beam|p2a: Gengar
|-damage|p2a: Gengar|60/100
|
|-weather|Sandstorm|[upkeep]
|-damage|p2a: Gengar|53/100|[from] Sandstorm
|-heal|p2a: Gengar|60/100|[from] item: Leftovers
|upkeep
|turn|17
|inactive|philiposophical has 270 seconds left.
|c|☆philiposophical|Just one freeze..
|
|t:|1728150105
|move|p2a: Gengar|Protect|p2a: Gengar
|-singleturn|p2a: Gengar|Protect
|move|p1a: Tyranitar|Ice Beam|p2a: Gengar
|-activate|p2a: Gengar|Protect
|
|-weather|Sandstorm|[upkeep]
|-damage|p2a: Gengar|53/100|[from] Sandstorm
|-heal|p2a: Gengar|60/100|[from] item: Leftovers
|upkeep
|turn|18
|inactive|philiposophical has 270 seconds left.
|
|t:|1728150115
|move|p2a: Gengar|Thunderbolt|p1a: Tyranitar
|-damage|p1a: Tyranitar|40/100
|move|p1a: Tyranitar|Ice Beam|p2a: Gengar
|-damage|p2a: Gengar|12/100
|
|-weather|Sandstorm|[upkeep]
|-damage|p2a: Gengar|5/100|[from] Sandstorm
|-heal|p2a: Gengar|12/100|[from] item: Leftovers
|upkeep
|turn|19
|inactive|go-go-zeppeli-1890 has 270 seconds left.
|inactive|philiposophical has 270 seconds left.
|
|t:|1728150133
|switch|p1a: Celebi|Celebi|21/100
|move|p2a: Gengar|Explosion|p1a: Celebi
|-crit|p1a: Celebi
|-damage|p1a: Celebi|0 fnt
|faint|p2a: Gengar
|faint|p1a: Celebi
|inactive|philiposophical has 270 seconds left.
|inactive|go-go-zeppeli-1890 has 270 seconds left.
|
|t:|1728150154
|switch|p2a: Dugtrio|Dugtrio, M|100/100
|switch|p1a: Metagross|Metagross|25/100
|
|-weather|Sandstorm|[upkeep]
|upkeep
|turn|20
|
|t:|1728150161
|move|p2a: Dugtrio|Earthquake|p1a: Metagross
|-supereffective|p1a: Metagross
|-damage|p1a: Metagross|0 fnt
|faint|p1a: Metagross
|
|t:|1728150165
|switch|p1a: Skarmory|Skarmory, M|100/100
|
|-weather|Sandstorm|[upkeep]
|upkeep
|turn|21
|c|☆philiposophical|Ive gotten every turn wrong
|
|t:|1728150178
|switch|p2a: Regirock|Regirock|57/100
|move|p1a: Skarmory|Spikes|p2a: Regirock
|-sidestart|p2: go-go-zeppeli-1890|Spikes
|
|-weather|Sandstorm|[upkeep]
|upkeep
|turn|22
|
|t:|1728150184
|move|p1a: Skarmory|Toxic|p2a: Regirock|[miss]
|-miss|p1a: Skarmory|p2a: Regirock
|move|p2a: Regirock|Thunder Wave|p1a: Skarmory
|-status|p1a: Skarmory|par
|
|-weather|Sandstorm|[upkeep]
|upkeep
|turn|23
|
|t:|1728150191
|move|p2a: Regirock|Rock Slide|p1a: Skarmory
|-damage|p1a: Skarmory|74/100 par
|move|p1a: Skarmory|Toxic|p2a: Regirock|[miss]
|-miss|p1a: Skarmory|p2a: Regirock
|
|-weather|Sandstorm|[upkeep]
|-heal|p1a: Skarmory|80/100 par|[from] item: Leftovers
|upkeep
|turn|24
|c|☆go-go-zeppeli-1890|insult to injury toxic miss
|c|☆philiposophical|Im gonna lobotomize this skarmory
|
|t:|1728150210
|move|p2a: Regirock|Rock Slide|p1a: Skarmory
|-damage|p1a: Skarmory|54/100 par
|move|p1a: Skarmory|Toxic|p2a: Regirock
|-status|p2a: Regirock|tox
|
|-weather|Sandstorm|[upkeep]
|-damage|p2a: Regirock|51/100 tox|[from] psn
|-heal|p1a: Skarmory|60/100 par|[from] item: Leftovers
|upkeep
|turn|25
|c|☆go-go-zeppeli-1890|HAHAHA
|
|t:|1728150228
|move|p1a: Skarmory|Protect|p1a: Skarmory
|-singleturn|p1a: Skarmory|Protect
|move|p2a: Regirock|Rock Slide|p1a: Skarmory
|-activate|p1a: Skarmory|Protect
|
|-weather|Sandstorm|[upkeep]
|-damage|p2a: Regirock|39/100 tox|[from] psn
|-heal|p1a: Skarmory|66/100 par|[from] item: Leftovers
|upkeep
|turn|26
|
|t:|1728150238
|move|p2a: Regirock|Explosion|p1a: Skarmory
|-resisted|p1a: Skarmory
|-damage|p1a: Skarmory|6/100 par
|faint|p2a: Regirock
|inactive|go-go-zeppeli-1890 has 270 seconds left.
|
|t:|1728150277
|switch|p2a: Metagross|Metagross|100/100
|-damage|p2a: Metagross|88/100|[from] Spikes
|
|-weather|Sandstorm|[upkeep]
|-heal|p1a: Skarmory|12/100 par|[from] item: Leftovers
|upkeep
|turn|27
|
|t:|1728150284
|cant|p1a: Skarmory|par
|move|p2a: Metagross|Meteor Mash|p1a: Skarmory
|-resisted|p1a: Skarmory
|-damage|p1a: Skarmory|0 fnt
|faint|p1a: Skarmory
|
|t:|1728150290
|switch|p1a: Tyranitar|Tyranitar, M|40/100
|
|-weather|Sandstorm|[upkeep]
|upkeep
|turn|28
|c|☆go-go-zeppeli-1890|i barely used my anti-meta part of this team
|
|t:|1728150295
|move|p1a: Tyranitar|Fire Blast|p2a: Metagross
|-supereffective|p2a: Metagross
|-damage|p2a: Metagross|18/100
|-status|p2a: Metagross|brn
|move|p2a: Metagross|Meteor Mash|p1a: Tyranitar
|-supereffective|p1a: Tyranitar
|-damage|p1a: Tyranitar|0 fnt
|faint|p1a: Tyranitar
|
|win|go-go-zeppeli-1890
|c|☆go-go-zeppeli-1890|very well played though
|c|☆philiposophical|Atleast i got a burn..
|c|☆go-go-zeppeli-1890|usually i just boom 3 times then play with dug zap and suicune
|c|☆philiposophical|Also no i played awful im so sick😭
|c|☆go-go-zeppeli-1890|well i'm proud of you at least and your skarmory comment made me die laughing

</script>
<script type="application/json" class="data" id="replaydata-smogtours-gen3ou-795058">
{"id":"smogtours-gen3ou-795058","format":"[Gen 3] OU","players":["philiposophical","go-go-zeppeli-1890"],"uploadtime":1728150295,"views":95,"formatid":"gen3ou","rating":null,"private":0,"password":null}
</script>

<script defer src="js/replays.js?9d40a366"></script>
