<!DOCTYPE html>
<meta charset="utf-8" />
<meta name="viewport" content="width=device-width" />

<title>[Gen 3] OU: Ghost Melone vs. DancingAlong - Replays - Pok&eacute;mon Showdown!</title>

<meta name="description" content="Watch a replay of a Pok&eacute;mon battle between Ghost Melone and DancingAlong! Format: [Gen 3] OU; Date: Oct 10, 2024" />
<!--

Hey, you! Looking in the source for the replay log?

You can find them in JSON format, just add `.json` at the end of a replay URL.

https://replay.pokemonshowdown.com/gen7randomdoublesbattle-865046831.json

Or, if you only need the log itself, add `.log` instead:

https://replay.pokemonshowdown.com/gen7randomdoublesbattle-865046831.log

-->

<link rel="stylesheet" href="//pokemonshowdown.com/style/global.css?0.767286132409787" />
<link rel="stylesheet" href="//play.pokemonshowdown.com/style/font-awesome.css?0.9266228007934947" />
<link rel="stylesheet" href="//play.pokemonshowdown.com/style/battle.css?0.7924700842790926" />
<link rel="stylesheet" href="//play.pokemonshowdown.com/style/utilichart.css?0.8777417872839479" />

<!-- Global site tag (gtag.js) - Google Analytics -->
<script async src="https://www.googletagmanager.com/gtag/js?id=UA-26211653-1"></script>
<script>
  window.dataLayer = window.dataLayer || [];
  function gtag(){dataLayer.push(arguments);}
  gtag('js', new Date());

  gtag('config', 'UA-26211653-1');
</script>
<!-- End Google Analytics -->
<!-- Venatus Ad Manager - Install in <HEAD> of page -->
	<script src="https://hb.vntsm.com/v3/live/ad-manager.min.js" type="text/javascript" data-site-id="642aba63ec9a7b11c3c9c1be" data-mode="scan" async></script>
<!-- / Venatus Ad Manager -->

<style>
	@media (max-width:820px) {
		.battle {
			margin: 0 auto;
		}
		.battle-log {
			margin: 7px auto 0;
			max-width: 640px;
			height: 300px;
			position: static;
		}
	}
	.optgroup {
		display: inline-block;
		line-height: 22px;
		font-size: 10pt;
	}
	.optgroup .button {
		height: 25px;
		padding-top: 0;
		padding-bottom: 0;
	}
	.optgroup button.button {
		padding-left: 12px;
		padding-right: 12px;
	}
	.linklist {
		list-style: none;
		margin: 0.5em 0;
		padding: 0;
	}
	.linklist li {
		padding: 2px 0;
	}
	.sidebar {
		float: left;
		width: 320px;
	}
	.bar-wrapper {
		max-width: 1100px;
		margin: 0 auto;
	}
	.bar-wrapper.has-sidebar {
		max-width: 1430px;
	}
	.mainbar {
		margin: 0;
		padding-right: 1px;
	}
	.mainbar.has-sidebar {
		margin-left: 330px;
	}
	@media (min-width: 1511px) {
		.sidebar {
			width: 400px;
		}
		.bar-wrapper.has-sidebar {
			max-width: 1510px;
		}
		.mainbar.has-sidebar {
			margin-left: 410px;
		}
	}
	.section.first-section {
		margin-top: 9px;
	}
	.blocklink small {
		white-space: normal;
	}
	.button {
		vertical-align: middle;
	}
	.replay-controls {
		padding-top: 10px;
	}
	.replay-controls h1 {
		font-size: 16pt;
		font-weight: normal;
		color: #CCC;
	}
	.pagelink {
		text-align: center;
	}
	.pagelink a {
		width: 150px;
	}
	.textbox, .button {
		font-size: 11pt;
		vertical-align: middle;
	}
	@media (max-width: 450px) {
		.button {
			font-size: 9pt;
		}
	}
</style>

<div>

	<header>
		<div class="nav-wrapper"><ul class="nav">
			<li><a class="button nav-first" href="//pokemonshowdown.com/"><img src="//pokemonshowdown.com/images/pokemonshowdownbeta.png" srcset="//pokemonshowdown.com/images/pokemonshowdownbeta.png 1x, //pokemonshowdown.com/images/pokemonshowdownbeta@2x.png 2x" alt="Pok&eacute;mon Showdown" width="146" height="44" /> Home</a></li>
			<li><a class="button" href="//pokemonshowdown.com/dex/">Pok&eacute;dex</a></li>
			<li><a class="button cur" href="/">Replays</a></li>
			<li><a class="button" href="//pokemonshowdown.com/ladder/">Ladder</a></li>
			<li><a class="button nav-last" href="//pokemonshowdown.com/forums/">Forum</a></li>
			<li><a class="button greenbutton nav-first nav-last" href="//play.pokemonshowdown.com/">Play</a></li>
		</ul></div>
	</header>

	<div class="main" id="main">

		<noscript><section class="section">You need to enable JavaScript to use this page; sorry!</section></noscript>

	</div>

</div>

<script defer nomodule src="//play.pokemonshowdown.com/js/lib/ps-polyfill.js"></script>
<script defer src="//play.pokemonshowdown.com/js/lib/preact.min.js"></script>

<script defer src="//play.pokemonshowdown.com/config/config.js?6dec07f6"></script>
<script defer src="//play.pokemonshowdown.com/js/lib/jquery-1.11.0.min.js"></script>
<script defer src="//play.pokemonshowdown.com/js/lib/html-sanitizer-minified.js"></script>
<script defer src="//play.pokemonshowdown.com/js/battle-sound.js"></script>
<script defer src="//play.pokemonshowdown.com/js/battledata.js?0.6315294753075389"></script>
<script defer src="//play.pokemonshowdown.com/data/pokedex-mini.js?0.7603743185311358"></script>
<script defer src="//play.pokemonshowdown.com/data/pokedex-mini-bw.js?0.030888842834281283"></script>
<script defer src="//play.pokemonshowdown.com/data/graphics.js?0.05593094747507488"></script>
<script defer src="//play.pokemonshowdown.com/data/pokedex.js?0.47064822249611904"></script>
<script defer src="//play.pokemonshowdown.com/data/moves.js?0.8583693120512459"></script>
<script defer src="//play.pokemonshowdown.com/data/abilities.js?0.16017181182386842"></script>
<script defer src="//play.pokemonshowdown.com/data/items.js?0.4163379185673943"></script>
<script defer src="//play.pokemonshowdown.com/data/teambuilder-tables.js?0.31075597372830477"></script>
<script defer src="//play.pokemonshowdown.com/js/battle-tooltips.js?0.6536193500708172"></script>
<script defer src="//play.pokemonshowdown.com/js/battle.js?0.1916591943277901"></script>

<script defer src="js/utils.js?e31f9a17"></script>
<script defer src="js/replays-battle.js?7008c182"></script>

<!-- don't scrape this data! just add .json or .log after the URL!
Full API docs: https://github.com/smogon/pokemon-showdown-client/blob/master/WEB-API.md -->
<script type="text/plain" class="log" id="replaylog-smogtours-gen3ou-797039">
|inactive|Battle timer is ON: inactive players will automatically lose when time's up.
|t:|1728597417
|gametype|singles
|player|p1|Ghost Melone|2|
|player|p2|DancingAlong|jogger|
|teamsize|p1|6
|teamsize|p2|6
|gen|3
|tier|[Gen 3] OU
|rule|Sleep Clause Mod: Limit one foe put to sleep
|rule|Switch Priority Clause Mod: Faster Pokémon switch first
|rule|Species Clause: Limit one of each Pokémon
|rule|OHKO Clause: OHKO moves are banned
|rule|Evasion Items Clause: Evasion items are banned
|rule|Evasion Moves Clause: Evasion moves are banned
|rule|Endless Battle Clause: Forcing endless battles is banned
|rule|HP Percentage Mod: HP is shown in percentages
|rule|One Boost Passer Clause: Limit one Baton Passer that has a way to boost its stats
|rule|Freeze Clause Mod: Limit one foe frozen
|
|t:|1728597417
|start
|switch|p1a: Tyranitar|Tyranitar, F|100/100
|switch|p2a: Macigno|Medicham, F, shiny|100/100
|-weather|Sandstorm|[from] ability: Sand Stream|[of] p1a: Tyranitar
|turn|1
|inactive|DancingAlong has 270 seconds left.
|
|t:|1728597466
|move|p2a: Macigno|Shadow Ball|p1a: Tyranitar
|-resisted|p1a: Tyranitar
|-damage|p1a: Tyranitar|83/100
|move|p1a: Tyranitar|Earthquake|p2a: Macigno
|-damage|p2a: Macigno|0 fnt
|faint|p2a: Macigno
|
|t:|1728597475
|switch|p2a: Sovente|Swampert, F|100/100
|
|-weather|Sandstorm|[upkeep]
|upkeep
|turn|2
|
|t:|1728597478
|switch|p1a: Skarmory|Skarmory, M|100/100
|move|p2a: Sovente|Hydro Pump|p1a: Skarmory
|-damage|p1a: Skarmory|62/100
|
|-weather|Sandstorm|[upkeep]
|-heal|p1a: Skarmory|68/100|[from] item: Leftovers
|upkeep
|turn|3
|
|t:|1728597481
|move|p1a: Skarmory|Spikes|p2a: Sovente
|-sidestart|p2: DancingAlong|Spikes
|move|p2a: Sovente|Hydro Pump|p1a: Skarmory
|-damage|p1a: Skarmory|33/100
|
|-weather|Sandstorm|[upkeep]
|-heal|p1a: Skarmory|39/100|[from] item: Leftovers
|upkeep
|turn|4
|
|t:|1728597485
|move|p1a: Skarmory|Toxic|p2a: Sovente
|-status|p2a: Sovente|tox
|move|p2a: Sovente|Hydro Pump|p1a: Skarmory
|-damage|p1a: Skarmory|2/100
|
|-weather|Sandstorm|[upkeep]
|-heal|p1a: Skarmory|8/100|[from] item: Leftovers
|-damage|p2a: Sovente|94/100 tox|[from] psn
|upkeep
|turn|5
|
|t:|1728597497
|-singleturn|p2a: Sovente|move: Focus Punch
|move|p1a: Skarmory|Spikes|p2a: Sovente
|-sidestart|p2: DancingAlong|Spikes
|move|p2a: Sovente|Focus Punch|p1a: Skarmory
|-damage|p1a: Skarmory|0 fnt
|faint|p1a: Skarmory
|
|t:|1728597508
|switch|p1a: Gengar|Gengar, F|100/100
|
|-weather|Sandstorm|[upkeep]
|-damage|p1a: Gengar|95/100|[from] Sandstorm
|-heal|p1a: Gengar|100/100|[from] item: Leftovers
|-heal|p2a: Sovente|100/100 tox|[from] item: Leftovers
|-damage|p2a: Sovente|88/100 tox|[from] psn
|upkeep
|turn|6
|
|t:|1728597513
|move|p1a: Gengar|Ice Punch|p2a: Sovente
|-damage|p2a: Sovente|70/100 tox
|move|p2a: Sovente|Hydro Pump|p1a: Gengar|[miss]
|-miss|p2a: Sovente|p1a: Gengar
|
|-weather|Sandstorm|[upkeep]
|-damage|p1a: Gengar|95/100|[from] Sandstorm
|-heal|p1a: Gengar|100/100|[from] item: Leftovers
|-heal|p2a: Sovente|76/100 tox|[from] item: Leftovers
|-damage|p2a: Sovente|58/100 tox|[from] psn
|upkeep
|turn|7
|
|t:|1728597517
|move|p1a: Gengar|Giga Drain|p2a: Sovente
|-supereffective|p2a: Sovente
|-damage|p2a: Sovente|0 fnt
|faint|p2a: Sovente
|
|t:|1728597528
|switch|p2a: Zabdos|Zapdos|100/100
|
|-weather|Sandstorm|[upkeep]
|-damage|p1a: Gengar|95/100|[from] Sandstorm
|-damage|p2a: Zabdos|94/100|[from] Sandstorm
|-heal|p1a: Gengar|100/100|[from] item: Leftovers
|-heal|p2a: Zabdos|100/100|[from] item: Leftovers
|upkeep
|turn|8
|
|t:|1728597550
|switch|p2a: Sonoro|Snorlax, M|100/100
|-damage|p2a: Sonoro|84/100|[from] Spikes
|move|p1a: Gengar|Ice Punch|p2a: Sonoro
|-damage|p2a: Sonoro|72/100
|
|-weather|Sandstorm|[upkeep]
|-damage|p1a: Gengar|95/100|[from] Sandstorm
|-damage|p2a: Sonoro|66/100|[from] Sandstorm
|-heal|p1a: Gengar|100/100|[from] item: Leftovers
|-heal|p2a: Sonoro|72/100|[from] item: Leftovers
|upkeep
|turn|9
|
|t:|1728597559
|move|p1a: Gengar|Will-O-Wisp|p2a: Sonoro
|-status|p2a: Sonoro|brn
|move|p2a: Sonoro|Shadow Ball|p1a: Gengar
|-supereffective|p1a: Gengar
|-damage|p1a: Gengar|48/100
|
|-weather|Sandstorm|[upkeep]
|-damage|p1a: Gengar|42/100|[from] Sandstorm
|-damage|p2a: Sonoro|66/100 brn|[from] Sandstorm
|-heal|p1a: Gengar|48/100|[from] item: Leftovers
|-heal|p2a: Sonoro|72/100 brn|[from] item: Leftovers
|-damage|p2a: Sonoro|60/100 brn|[from] brn
|upkeep
|turn|10
|
|t:|1728597568
|move|p1a: Gengar|Giga Drain|p2a: Sonoro
|-damage|p2a: Sonoro|49/100 brn
|-heal|p1a: Gengar|56/100|[from] drain|[of] p2a: Sonoro
|move|p2a: Sonoro|Body Slam|p1a: Gengar
|-immune|p1a: Gengar
|
|-weather|Sandstorm|[upkeep]
|-damage|p1a: Gengar|50/100|[from] Sandstorm
|-damage|p2a: Sonoro|43/100 brn|[from] Sandstorm
|-heal|p1a: Gengar|56/100|[from] item: Leftovers
|-heal|p2a: Sonoro|49/100 brn|[from] item: Leftovers
|-damage|p2a: Sonoro|37/100 brn|[from] brn
|upkeep
|turn|11
|
|t:|1728597595
|move|p1a: Gengar|Giga Drain|p2a: Sonoro
|-damage|p2a: Sonoro|27/100 brn
|-heal|p1a: Gengar|64/100|[from] drain|[of] p2a: Sonoro
|move|p2a: Sonoro|Shadow Ball|p1a: Gengar
|-supereffective|p1a: Gengar
|-damage|p1a: Gengar|12/100
|
|-weather|Sandstorm|[upkeep]
|-damage|p1a: Gengar|6/100|[from] Sandstorm
|-damage|p2a: Sonoro|21/100 brn|[from] Sandstorm
|-heal|p1a: Gengar|12/100|[from] item: Leftovers
|-heal|p2a: Sonoro|27/100 brn|[from] item: Leftovers
|-damage|p2a: Sonoro|14/100 brn|[from] brn
|upkeep
|turn|12
|inactive|Ghost Melone has 270 seconds left.
|
|t:|1728597612
|switch|p1a: Blissey|Blissey, F|100/100
|move|p2a: Sonoro|Shadow Ball|p1a: Blissey
|-immune|p1a: Blissey
|
|-weather|Sandstorm|[upkeep]
|-damage|p1a: Blissey|94/100|[from] Sandstorm
|-damage|p2a: Sonoro|8/100 brn|[from] Sandstorm
|-heal|p1a: Blissey|100/100|[from] item: Leftovers
|-heal|p2a: Sonoro|14/100 brn|[from] item: Leftovers
|-damage|p2a: Sonoro|2/100 brn|[from] brn
|upkeep
|turn|13
|
|t:|1728597617
|move|p1a: Blissey|Seismic Toss|p2a: Sonoro
|-damage|p2a: Sonoro|0 fnt
|faint|p2a: Sonoro
|
|t:|1728597620
|switch|p2a: Torrente|Tyranitar, F|100/100
|-damage|p2a: Torrente|84/100|[from] Spikes
|
|-weather|Sandstorm|[upkeep]
|-damage|p1a: Blissey|94/100|[from] Sandstorm
|-heal|p1a: Blissey|100/100|[from] item: Leftovers
|upkeep
|turn|14
|
|t:|1728597625
|switch|p1a: Swampert|Swampert, M|100/100
|move|p2a: Torrente|Hidden Power|p1a: Swampert
|-supereffective|p1a: Swampert
|-damage|p1a: Swampert|27/100
|
|-weather|Sandstorm|[upkeep]
|-heal|p1a: Swampert|33/100|[from] item: Leftovers
|upkeep
|turn|15
|
|t:|1728597640
|move|p2a: Torrente|Hidden Power|p1a: Swampert
|-supereffective|p1a: Swampert
|-damage|p1a: Swampert|0 fnt
|faint|p1a: Swampert
|
|t:|1728597647
|switch|p1a: Tyranitar|Tyranitar, F|83/100
|
|-weather|Sandstorm|[upkeep]
|upkeep
|turn|16
|
|t:|1728597649
|move|p2a: Torrente|Brick Break|p1a: Tyranitar
|-supereffective|p1a: Tyranitar
|-damage|p1a: Tyranitar|11/100
|move|p1a: Tyranitar|Rock Slide|p2a: Torrente
|-damage|p2a: Torrente|25/100
|
|-weather|Sandstorm|[upkeep]
|upkeep
|turn|17
|
|t:|1728597658
|switch|p1a: Blissey|Blissey, F|100/100
|move|p2a: Torrente|Ice Beam|p1a: Blissey
|-damage|p1a: Blissey|89/100
|
|-weather|Sandstorm|[upkeep]
|-damage|p1a: Blissey|83/100|[from] Sandstorm
|-heal|p1a: Blissey|89/100|[from] item: Leftovers
|upkeep
|turn|18
|
|t:|1728597662
|move|p2a: Torrente|Brick Break|p1a: Blissey
|-supereffective|p1a: Blissey
|-damage|p1a: Blissey|40/100
|move|p1a: Blissey|Seismic Toss|p2a: Torrente
|-damage|p2a: Torrente|0 fnt
|faint|p2a: Torrente
|
|t:|1728597666
|switch|p2a: Assalto|Aerodactyl, F|100/100
|
|-weather|Sandstorm|[upkeep]
|-damage|p1a: Blissey|34/100|[from] Sandstorm
|-heal|p1a: Blissey|40/100|[from] item: Leftovers
|upkeep
|turn|19
|
|t:|1728597672
|move|p2a: Assalto|Rock Slide|p1a: Blissey
|-damage|p1a: Blissey|0 fnt
|faint|p1a: Blissey
|
|t:|1728597681
|switch|p1a: Aerodactyl|Aerodactyl, F|100/100
|
|-weather|Sandstorm|[upkeep]
|upkeep
|turn|20
|
|t:|1728597684
|move|p1a: Aerodactyl|Rock Slide|p2a: Assalto
|-supereffective|p2a: Assalto
|-damage|p2a: Assalto|0 fnt
|faint|p2a: Assalto
|
|t:|1728597687
|switch|p2a: Zabdos|Zapdos|100/100
|
|-weather|Sandstorm|[upkeep]
|-damage|p2a: Zabdos|94/100|[from] Sandstorm
|-heal|p2a: Zabdos|100/100|[from] item: Leftovers
|upkeep
|turn|21
|
|t:|1728597689
|move|p1a: Aerodactyl|Rock Slide|p2a: Zabdos
|-supereffective|p2a: Zabdos
|-damage|p2a: Zabdos|0 fnt
|faint|p2a: Zabdos
|
|win|Ghost Melone
|c|☆Ghost Melone|gg
|c|☆Ghost Melone|close series dude
|c|☆DancingAlong|gg
|player|p2|
|c|☆Ghost Melone|i felt like i had game 1 but u kept switching lol.l
|c|☆Ghost Melone|gl in the tourney and get some rest
|c|☆Ghost Melone|ik its late 4u

</script>
<script type="application/json" class="data" id="replaydata-smogtours-gen3ou-797039">
{"id":"smogtours-gen3ou-797039","format":"[Gen 3] OU","players":["Ghost Melone","DancingAlong"],"uploadtime":1728597689,"views":187,"formatid":"gen3ou","rating":null,"private":0,"password":null}
</script>

<script defer src="js/replays.js?9d40a366"></script>
