<!DOCTYPE html>
<meta charset="utf-8" />
<meta name="viewport" content="width=device-width" />

<title>[Gen 3] OU: hey its me riley vs. sbibling - Replays - Pok&eacute;mon Showdown!</title>

<meta name="description" content="Watch a replay of a Pok&eacute;mon battle between hey its me riley and sbibling! Format: [Gen 3] OU; Date: Oct 10, 2024" />
<!--

Hey, you! Looking in the source for the replay log?

You can find them in JSON format, just add `.json` at the end of a replay URL.

https://replay.pokemonshowdown.com/gen7randomdoublesbattle-865046831.json

Or, if you only need the log itself, add `.log` instead:

https://replay.pokemonshowdown.com/gen7randomdoublesbattle-865046831.log

-->

<link rel="stylesheet" href="//pokemonshowdown.com/style/global.css?0.767286132409787" />
<link rel="stylesheet" href="//play.pokemonshowdown.com/style/font-awesome.css?0.9266228007934947" />
<link rel="stylesheet" href="//play.pokemonshowdown.com/style/battle.css?0.7924700842790926" />
<link rel="stylesheet" href="//play.pokemonshowdown.com/style/utilichart.css?0.8777417872839479" />

<!-- Global site tag (gtag.js) - Google Analytics -->
<script async src="https://www.googletagmanager.com/gtag/js?id=UA-26211653-1"></script>
<script>
  window.dataLayer = window.dataLayer || [];
  function gtag(){dataLayer.push(arguments);}
  gtag('js', new Date());

  gtag('config', 'UA-26211653-1');
</script>
<!-- End Google Analytics -->
<!-- Venatus Ad Manager - Install in <HEAD> of page -->
	<script src="https://hb.vntsm.com/v3/live/ad-manager.min.js" type="text/javascript" data-site-id="642aba63ec9a7b11c3c9c1be" data-mode="scan" async></script>
<!-- / Venatus Ad Manager -->

<style>
	@media (max-width:820px) {
		.battle {
			margin: 0 auto;
		}
		.battle-log {
			margin: 7px auto 0;
			max-width: 640px;
			height: 300px;
			position: static;
		}
	}
	.optgroup {
		display: inline-block;
		line-height: 22px;
		font-size: 10pt;
	}
	.optgroup .button {
		height: 25px;
		padding-top: 0;
		padding-bottom: 0;
	}
	.optgroup button.button {
		padding-left: 12px;
		padding-right: 12px;
	}
	.linklist {
		list-style: none;
		margin: 0.5em 0;
		padding: 0;
	}
	.linklist li {
		padding: 2px 0;
	}
	.sidebar {
		float: left;
		width: 320px;
	}
	.bar-wrapper {
		max-width: 1100px;
		margin: 0 auto;
	}
	.bar-wrapper.has-sidebar {
		max-width: 1430px;
	}
	.mainbar {
		margin: 0;
		padding-right: 1px;
	}
	.mainbar.has-sidebar {
		margin-left: 330px;
	}
	@media (min-width: 1511px) {
		.sidebar {
			width: 400px;
		}
		.bar-wrapper.has-sidebar {
			max-width: 1510px;
		}
		.mainbar.has-sidebar {
			margin-left: 410px;
		}
	}
	.section.first-section {
		margin-top: 9px;
	}
	.blocklink small {
		white-space: normal;
	}
	.button {
		vertical-align: middle;
	}
	.replay-controls {
		padding-top: 10px;
	}
	.replay-controls h1 {
		font-size: 16pt;
		font-weight: normal;
		color: #CCC;
	}
	.pagelink {
		text-align: center;
	}
	.pagelink a {
		width: 150px;
	}
	.textbox, .button {
		font-size: 11pt;
		vertical-align: middle;
	}
	@media (max-width: 450px) {
		.button {
			font-size: 9pt;
		}
	}
</style>

<div>

	<header>
		<div class="nav-wrapper"><ul class="nav">
			<li><a class="button nav-first" href="//pokemonshowdown.com/"><img src="//pokemonshowdown.com/images/pokemonshowdownbeta.png" srcset="//pokemonshowdown.com/images/pokemonshowdownbeta.png 1x, //pokemonshowdown.com/images/pokemonshowdownbeta@2x.png 2x" alt="Pok&eacute;mon Showdown" width="146" height="44" /> Home</a></li>
			<li><a class="button" href="//pokemonshowdown.com/dex/">Pok&eacute;dex</a></li>
			<li><a class="button cur" href="/">Replays</a></li>
			<li><a class="button" href="//pokemonshowdown.com/ladder/">Ladder</a></li>
			<li><a class="button nav-last" href="//pokemonshowdown.com/forums/">Forum</a></li>
			<li><a class="button greenbutton nav-first nav-last" href="//play.pokemonshowdown.com/">Play</a></li>
		</ul></div>
	</header>

	<div class="main" id="main">

		<noscript><section class="section">You need to enable JavaScript to use this page; sorry!</section></noscript>

	</div>

</div>

<script defer nomodule src="//play.pokemonshowdown.com/js/lib/ps-polyfill.js"></script>
<script defer src="//play.pokemonshowdown.com/js/lib/preact.min.js"></script>

<script defer src="//play.pokemonshowdown.com/config/config.js?6dec07f6"></script>
<script defer src="//play.pokemonshowdown.com/js/lib/jquery-1.11.0.min.js"></script>
<script defer src="//play.pokemonshowdown.com/js/lib/html-sanitizer-minified.js"></script>
<script defer src="//play.pokemonshowdown.com/js/battle-sound.js"></script>
<script defer src="//play.pokemonshowdown.com/js/battledata.js?0.6315294753075389"></script>
<script defer src="//play.pokemonshowdown.com/data/pokedex-mini.js?0.7603743185311358"></script>
<script defer src="//play.pokemonshowdown.com/data/pokedex-mini-bw.js?0.030888842834281283"></script>
<script defer src="//play.pokemonshowdown.com/data/graphics.js?0.05593094747507488"></script>
<script defer src="//play.pokemonshowdown.com/data/pokedex.js?0.47064822249611904"></script>
<script defer src="//play.pokemonshowdown.com/data/moves.js?0.8583693120512459"></script>
<script defer src="//play.pokemonshowdown.com/data/abilities.js?0.16017181182386842"></script>
<script defer src="//play.pokemonshowdown.com/data/items.js?0.4163379185673943"></script>
<script defer src="//play.pokemonshowdown.com/data/teambuilder-tables.js?0.31075597372830477"></script>
<script defer src="//play.pokemonshowdown.com/js/battle-tooltips.js?0.6536193500708172"></script>
<script defer src="//play.pokemonshowdown.com/js/battle.js?0.1916591943277901"></script>

<script defer src="js/utils.js?e31f9a17"></script>
<script defer src="js/replays-battle.js?7008c182"></script>

<!-- don't scrape this data! just add .json or .log after the URL!
Full API docs: https://github.com/smogon/pokemon-showdown-client/blob/master/WEB-API.md -->
<script type="text/plain" class="log" id="replaylog-smogtours-gen3ou-796837">
|inactive|Battle timer is ON: inactive players will automatically lose when time's up.
|t:|1728521903
|gametype|singles
|player|p1|hey its me riley|101|
|player|p2|sbibling|170|
|teamsize|p1|6
|teamsize|p2|6
|gen|3
|tier|[Gen 3] OU
|rule|Sleep Clause Mod: Limit one foe put to sleep
|rule|Switch Priority Clause Mod: Faster Pokémon switch first
|rule|Species Clause: Limit one of each Pokémon
|rule|OHKO Clause: OHKO moves are banned
|rule|Evasion Items Clause: Evasion items are banned
|rule|Evasion Moves Clause: Evasion moves are banned
|rule|Endless Battle Clause: Forcing endless battles is banned
|rule|HP Percentage Mod: HP is shown in percentages
|rule|One Boost Passer Clause: Limit one Baton Passer that has a way to boost its stats
|rule|Freeze Clause Mod: Limit one foe frozen
|
|t:|1728521903
|start
|switch|p1a: Suicune|Suicune|100/100
|switch|p2a: Regirock|Regirock|100/100
|turn|1
|c|☆sbibling|hf
|c|☆sbibling|no gl ive seen the things that does
|c|☆hey its me riley|lmao u2
|
|t:|1728521928
|switch|p2a: Suicune|Suicune|100/100
|move|p1a: Suicune|Hydro Pump|p2a: Suicune
|-resisted|p2a: Suicune
|-damage|p2a: Suicune|81/100
|
|-heal|p2a: Suicune|87/100|[from] item: Leftovers
|upkeep
|turn|2
|
|t:|1728521932
|move|p1a: Suicune|Calm Mind|p1a: Suicune
|-boost|p1a: Suicune|spa|1
|-boost|p1a: Suicune|spd|1
|move|p2a: Suicune|Calm Mind|p2a: Suicune
|-boost|p2a: Suicune|spa|1
|-boost|p2a: Suicune|spd|1
|
|-heal|p2a: Suicune|93/100|[from] item: Leftovers
|upkeep
|turn|3
|
|t:|1728521936
|move|p2a: Suicune|Calm Mind|p2a: Suicune
|-boost|p2a: Suicune|spa|1
|-boost|p2a: Suicune|spd|1
|move|p1a: Suicune|Roar|p2a: Suicune
|drag|p2a: Regirock|Regirock|100/100
|
|upkeep
|turn|4
|
|t:|1728521944
|switch|p1a: Celebi|Celebi|100/100
|move|p2a: Regirock|Thunder Wave|p1a: Celebi
|-status|p1a: Celebi|par
|
|upkeep
|turn|5
|
|t:|1728521952
|switch|p2a: Salamence|Salamence, M|100/100
|-ability|p2a: Salamence|Intimidate|boost
|-unboost|p1a: Celebi|atk|1
|move|p1a: Celebi|Calm Mind|p1a: Celebi
|-boost|p1a: Celebi|spa|1
|-boost|p1a: Celebi|spd|1
|
|upkeep
|turn|6
|
|t:|1728521958
|-curestatus|p1a: Celebi|par|[from] ability: Natural Cure
|switch|p1a: Raikou|Raikou|100/100
|move|p2a: Salamence|Dragon Dance|p2a: Salamence
|-boost|p2a: Salamence|atk|1
|-boost|p2a: Salamence|spe|1
|
|upkeep
|turn|7
|inactive|sbibling has 270 seconds left.
|
|t:|1728521989
|switch|p1a: Suicune|Suicune|100/100
|move|p2a: Salamence|Earthquake|p1a: Suicune
|-damage|p1a: Suicune|47/100
|
|-heal|p1a: Suicune|53/100|[from] item: Leftovers
|upkeep
|turn|8
|inactive|sbibling has 270 seconds left.
|
|t:|1728522023
|move|p2a: Salamence|Earthquake|p1a: Suicune
|-damage|p1a: Suicune|3/100
|move|p1a: Suicune|Ice Beam|p2a: Salamence
|-supereffective|p2a: Salamence
|-damage|p2a: Salamence|0 fnt
|faint|p2a: Salamence
|
|t:|1728522036
|switch|p2a: Suicune|Suicune|93/100
|
|-heal|p1a: Suicune|9/100|[from] item: Leftovers
|-heal|p2a: Suicune|99/100|[from] item: Leftovers
|upkeep
|turn|9
|
|t:|1728522045
|switch|p1a: Raikou|Raikou|100/100
|move|p2a: Suicune|Surf|p1a: Raikou
|-damage|p1a: Raikou|56/100
|
|-heal|p1a: Raikou|62/100|[from] item: Leftovers
|-heal|p2a: Suicune|100/100|[from] item: Leftovers
|upkeep
|turn|10
|
|t:|1728522069
|switch|p2a: Snorlax|Snorlax, M|100/100
|move|p1a: Raikou|Thunderbolt|p2a: Snorlax
|-damage|p2a: Snorlax|71/100
|
|-heal|p1a: Raikou|68/100|[from] item: Leftovers
|-heal|p2a: Snorlax|77/100|[from] item: Leftovers
|upkeep
|turn|11
|inactive|sbibling has 240 seconds left.
|
|t:|1728522121
|move|p1a: Raikou|Thunderbolt|p2a: Snorlax
|-damage|p2a: Snorlax|50/100
|-status|p2a: Snorlax|par
|move|p2a: Snorlax|Curse|p2a: Snorlax
|-unboost|p2a: Snorlax|spe|1
|-boost|p2a: Snorlax|atk|1
|-boost|p2a: Snorlax|def|1
|
|-heal|p1a: Raikou|74/100|[from] item: Leftovers
|-heal|p2a: Snorlax|56/100 par|[from] item: Leftovers
|upkeep
|turn|12
|
|t:|1728522134
|move|p1a: Raikou|Thunderbolt|p2a: Snorlax
|-damage|p2a: Snorlax|28/100 par
|cant|p2a: Snorlax|par
|
|-heal|p1a: Raikou|81/100|[from] item: Leftovers
|-heal|p2a: Snorlax|34/100 par|[from] item: Leftovers
|upkeep
|turn|13
|
|t:|1728522137
|move|p1a: Raikou|Thunderbolt|p2a: Snorlax
|-damage|p2a: Snorlax|8/100 par
|cant|p2a: Snorlax|par
|
|-heal|p1a: Raikou|87/100|[from] item: Leftovers
|-heal|p2a: Snorlax|14/100 par|[from] item: Leftovers
|upkeep
|turn|14
|
|t:|1728522140
|move|p1a: Raikou|Thunderbolt|p2a: Snorlax
|-damage|p2a: Snorlax|0 fnt
|faint|p2a: Snorlax
|
|t:|1728522144
|switch|p2a: Regirock|Regirock|100/100
|
|-heal|p1a: Raikou|93/100|[from] item: Leftovers
|upkeep
|turn|15
|
|t:|1728522154
|switch|p1a: Suicune|Suicune|9/100
|move|p2a: Regirock|Earthquake|p1a: Suicune
|-damage|p1a: Suicune|0 fnt
|faint|p1a: Suicune
|
|t:|1728522164
|switch|p1a: Porygon2|Porygon2|100/100
|-ability|p1a: Porygon2|Clear Body|[from] ability: Trace|[of] p2a: Regirock
|
|upkeep
|turn|16
|inactive|sbibling has 270 seconds left.
|
|t:|1728522179
|move|p1a: Porygon2|Toxic|p2a: Regirock
|-status|p2a: Regirock|tox
|move|p2a: Regirock|Thunder Wave|p1a: Porygon2
|-status|p1a: Porygon2|par
|
|-damage|p2a: Regirock|95/100 tox|[from] psn
|upkeep
|turn|17
|inactive|sbibling has 270 seconds left.
|
|t:|1728522193
|switch|p2a: Suicune|Suicune|100/100
|cant|p1a: Porygon2|par
|
|upkeep
|turn|18
|
|t:|1728522196
|move|p2a: Suicune|Calm Mind|p2a: Suicune
|-boost|p2a: Suicune|spa|1
|-boost|p2a: Suicune|spd|1
|move|p1a: Porygon2|Thunderbolt|p2a: Suicune
|-supereffective|p2a: Suicune
|-damage|p2a: Suicune|76/100
|
|-heal|p2a: Suicune|82/100|[from] item: Leftovers
|upkeep
|turn|19
|
|t:|1728522199
|move|p2a: Suicune|Calm Mind|p2a: Suicune
|-boost|p2a: Suicune|spa|1
|-boost|p2a: Suicune|spd|1
|move|p1a: Porygon2|Toxic|p2a: Suicune
|-status|p2a: Suicune|tox
|
|-heal|p2a: Suicune|88/100 tox|[from] item: Leftovers
|-damage|p2a: Suicune|82/100 tox|[from] psn
|upkeep
|turn|20
|
|t:|1728522201
|switch|p1a: Raikou|Raikou|93/100
|move|p2a: Suicune|Calm Mind|p2a: Suicune
|-boost|p2a: Suicune|spa|1
|-boost|p2a: Suicune|spd|1
|
|-heal|p1a: Raikou|99/100|[from] item: Leftovers
|-heal|p2a: Suicune|88/100 tox|[from] item: Leftovers
|-damage|p2a: Suicune|76/100 tox|[from] psn
|upkeep
|turn|21
|
|t:|1728522205
|move|p2a: Suicune|Rest|p2a: Suicune
|-status|p2a: Suicune|slp|[from] move: Rest
|-heal|p2a: Suicune|100/100 slp|[silent]
|move|p1a: Raikou|Roar|p2a: Suicune
|drag|p2a: Metagross|Metagross|100/100
|
|-heal|p1a: Raikou|100/100|[from] item: Leftovers
|upkeep
|turn|22
|
|t:|1728522226
|switch|p1a: Celebi|Celebi|100/100
|move|p2a: Metagross|Earthquake|p1a: Celebi
|-resisted|p1a: Celebi
|-damage|p1a: Celebi|82/100
|
|-heal|p1a: Celebi|88/100|[from] item: Leftovers
|upkeep
|turn|23
|inactive|sbibling has 270 seconds left.
|
|t:|1728522252
|move|p1a: Celebi|Calm Mind|p1a: Celebi
|-boost|p1a: Celebi|spa|1
|-boost|p1a: Celebi|spd|1
|move|p2a: Metagross|Explosion|p1a: Celebi
|-damage|p1a: Celebi|0 fnt
|faint|p2a: Metagross
|faint|p1a: Celebi
|inactive|sbibling has 270 seconds left.
|
|t:|1728522275
|switch|p1a: Raikou|Raikou|100/100
|switch|p2a: Regirock|Regirock|95/100 tox
|
|-heal|p2a: Regirock|100/100 tox|[from] item: Leftovers
|-damage|p2a: Regirock|95/100 tox|[from] psn
|upkeep
|turn|24
|
|t:|1728522279
|switch|p1a: Porygon2|Porygon2|100/100 par
|-ability|p1a: Porygon2|Clear Body|[from] ability: Trace|[of] p2a: Regirock
|move|p2a: Regirock|Thunder Wave|p1a: Porygon2
|-fail|p1a: Porygon2|par
|
|-heal|p2a: Regirock|100/100 tox|[from] item: Leftovers
|-damage|p2a: Regirock|89/100 tox|[from] psn
|upkeep
|turn|25
|
|t:|1728522286
|move|p2a: Regirock|Rock Slide|p1a: Porygon2
|-damage|p1a: Porygon2|74/100 par
|cant|p1a: Porygon2|flinch
|
|-heal|p2a: Regirock|95/100 tox|[from] item: Leftovers
|-damage|p2a: Regirock|77/100 tox|[from] psn
|-heal|p1a: Porygon2|80/100 par|[from] item: Leftovers
|upkeep
|turn|26
|
|t:|1728522300
|move|p2a: Regirock|Rock Slide|p1a: Porygon2
|-damage|p1a: Porygon2|52/100 par
|cant|p1a: Porygon2|par
|
|-heal|p2a: Regirock|83/100 tox|[from] item: Leftovers
|-damage|p2a: Regirock|59/100 tox|[from] psn
|-heal|p1a: Porygon2|58/100 par|[from] item: Leftovers
|upkeep
|turn|27
|
|t:|1728522304
|switch|p2a: Magneton|Magneton|100/100
|move|p1a: Porygon2|Recover|p1a: Porygon2
|-heal|p1a: Porygon2|100/100 par
|
|upkeep
|turn|28
|
|t:|1728522310
|move|p2a: Magneton|Thunderbolt|p1a: Porygon2
|-crit|p1a: Porygon2
|-damage|p1a: Porygon2|0 fnt
|faint|p1a: Porygon2
|
|t:|1728522313
|switch|p1a: Dugtrio|Dugtrio, F|100/100
|
|upkeep
|turn|29
|
|t:|1728522322
|move|p1a: Dugtrio|Earthquake|p2a: Magneton
|-supereffective|p2a: Magneton
|-damage|p2a: Magneton|0 fnt
|faint|p2a: Magneton
|
|t:|1728522345
|switch|p2a: Suicune|Suicune|100/100 slp
|
|upkeep
|turn|30
|
|t:|1728522347
|switch|p1a: Raikou|Raikou|100/100
|cant|p2a: Suicune|slp
|move|p2a: Suicune|Sleep Talk|p2a: Suicune
|move|p2a: Suicune|Surf|p1a: Raikou|[from]Sleep Talk
|-damage|p1a: Raikou|56/100
|
|-heal|p1a: Raikou|62/100|[from] item: Leftovers
|upkeep
|turn|31
|
|t:|1728522351
|move|p1a: Raikou|Thunderbolt|p2a: Suicune
|-supereffective|p2a: Suicune
|-damage|p2a: Suicune|31/100 slp
|cant|p2a: Suicune|slp
|move|p2a: Suicune|Sleep Talk|p2a: Suicune
|move|p2a: Suicune|Rest|p2a: Suicune|[from]Sleep Talk
|
|-heal|p1a: Raikou|69/100|[from] item: Leftovers
|-heal|p2a: Suicune|37/100 slp|[from] item: Leftovers
|upkeep
|turn|32
|
|t:|1728522355
|switch|p2a: Regirock|Regirock|59/100 tox
|move|p1a: Raikou|Thunderbolt|p2a: Regirock
|-damage|p2a: Regirock|14/100 tox
|
|-heal|p1a: Raikou|75/100|[from] item: Leftovers
|-heal|p2a: Regirock|20/100 tox|[from] item: Leftovers
|-damage|p2a: Regirock|14/100 tox|[from] psn
|upkeep
|turn|33
|
|t:|1728522358
|move|p1a: Raikou|Thunderbolt|p2a: Regirock
|-damage|p2a: Regirock|0 fnt
|faint|p2a: Regirock
|
|t:|1728522359
|switch|p2a: Suicune|Suicune|37/100 slp
|
|-heal|p1a: Raikou|81/100|[from] item: Leftovers
|-heal|p2a: Suicune|43/100 slp|[from] item: Leftovers
|upkeep
|turn|34
|c|☆sbibling|gg
|
|t:|1728522364
|move|p1a: Raikou|Thunderbolt|p2a: Suicune
|-supereffective|p2a: Suicune
|-damage|p2a: Suicune|0 fnt
|faint|p2a: Suicune
|
|win|hey its me riley
|c|☆hey its me riley|gg
|c|☆hey its me riley|you send chal for g2 when ready
|c|☆sbibling|okie
|player|p2|
|player|p1|
|player|p1|hey its me riley|101|

</script>
<script type="application/json" class="data" id="replaydata-smogtours-gen3ou-796837">
{"id":"smogtours-gen3ou-796837","format":"[Gen 3] OU","players":["hey its me riley","sbibling"],"uploadtime":1728522364,"views":93,"formatid":"gen3ou","rating":null,"private":0,"password":null}
</script>

<script defer src="js/replays.js?9d40a366"></script>
