<!DOCTYPE html>
<meta charset="utf-8" />
<meta name="viewport" content="width=device-width" />

<title>[Gen 3] OU: Rainer2424 vs. blundergoth - Replays - Pok&eacute;mon Showdown!</title>

<meta name="description" content="Watch a replay of a Pok&eacute;mon battle between Rainer2424 and blundergoth! Format: [Gen 3] OU; Date: Oct 10, 2024" />
<!--

Hey, you! Looking in the source for the replay log?

You can find them in JSON format, just add `.json` at the end of a replay URL.

https://replay.pokemonshowdown.com/gen7randomdoublesbattle-865046831.json

Or, if you only need the log itself, add `.log` instead:

https://replay.pokemonshowdown.com/gen7randomdoublesbattle-865046831.log

-->

<link rel="stylesheet" href="//pokemonshowdown.com/style/global.css?0.023195364461161105" />
<link rel="stylesheet" href="//play.pokemonshowdown.com/style/font-awesome.css?0.13261647063804238" />
<link rel="stylesheet" href="//play.pokemonshowdown.com/style/battle.css?0.8753245789963631" />
<link rel="stylesheet" href="//play.pokemonshowdown.com/style/utilichart.css?0.8627959624976733" />

<!-- Global site tag (gtag.js) - Google Analytics -->
<script async src="https://www.googletagmanager.com/gtag/js?id=UA-26211653-1"></script>
<script>
  window.dataLayer = window.dataLayer || [];
  function gtag(){dataLayer.push(arguments);}
  gtag('js', new Date());

  gtag('config', 'UA-26211653-1');
</script>
<!-- End Google Analytics -->
<!-- Venatus Ad Manager - Install in <HEAD> of page -->
	<script src="https://hb.vntsm.com/v3/live/ad-manager.min.js" type="text/javascript" data-site-id="642aba63ec9a7b11c3c9c1be" data-mode="scan" async></script>
<!-- / Venatus Ad Manager -->

<style>
	@media (max-width:820px) {
		.battle {
			margin: 0 auto;
		}
		.battle-log {
			margin: 7px auto 0;
			max-width: 640px;
			height: 300px;
			position: static;
		}
	}
	.optgroup {
		display: inline-block;
		line-height: 22px;
		font-size: 10pt;
	}
	.optgroup .button {
		height: 25px;
		padding-top: 0;
		padding-bottom: 0;
	}
	.optgroup button.button {
		padding-left: 12px;
		padding-right: 12px;
	}
	.linklist {
		list-style: none;
		margin: 0.5em 0;
		padding: 0;
	}
	.linklist li {
		padding: 2px 0;
	}
	.sidebar {
		float: left;
		width: 320px;
	}
	.bar-wrapper {
		max-width: 1100px;
		margin: 0 auto;
	}
	.bar-wrapper.has-sidebar {
		max-width: 1430px;
	}
	.mainbar {
		margin: 0;
		padding-right: 1px;
	}
	.mainbar.has-sidebar {
		margin-left: 330px;
	}
	@media (min-width: 1511px) {
		.sidebar {
			width: 400px;
		}
		.bar-wrapper.has-sidebar {
			max-width: 1510px;
		}
		.mainbar.has-sidebar {
			margin-left: 410px;
		}
	}
	.section.first-section {
		margin-top: 9px;
	}
	.blocklink small {
		white-space: normal;
	}
	.button {
		vertical-align: middle;
	}
	.replay-controls {
		padding-top: 10px;
	}
	.replay-controls h1 {
		font-size: 16pt;
		font-weight: normal;
		color: #CCC;
	}
	.pagelink {
		text-align: center;
	}
	.pagelink a {
		width: 150px;
	}
	.textbox, .button {
		font-size: 11pt;
		vertical-align: middle;
	}
	@media (max-width: 450px) {
		.button {
			font-size: 9pt;
		}
	}
</style>

<div>

	<header>
		<div class="nav-wrapper"><ul class="nav">
			<li><a class="button nav-first" href="//pokemonshowdown.com/"><img src="//pokemonshowdown.com/images/pokemonshowdownbeta.png" srcset="//pokemonshowdown.com/images/pokemonshowdownbeta.png 1x, //pokemonshowdown.com/images/pokemonshowdownbeta@2x.png 2x" alt="Pok&eacute;mon Showdown" width="146" height="44" /> Home</a></li>
			<li><a class="button" href="//pokemonshowdown.com/dex/">Pok&eacute;dex</a></li>
			<li><a class="button cur" href="/">Replays</a></li>
			<li><a class="button" href="//pokemonshowdown.com/ladder/">Ladder</a></li>
			<li><a class="button nav-last" href="//pokemonshowdown.com/forums/">Forum</a></li>
			<li><a class="button greenbutton nav-first nav-last" href="//play.pokemonshowdown.com/">Play</a></li>
		</ul></div>
	</header>

	<div class="main" id="main">

		<noscript><section class="section">You need to enable JavaScript to use this page; sorry!</section></noscript>

	</div>

</div>

<script defer nomodule src="//play.pokemonshowdown.com/js/lib/ps-polyfill.js"></script>
<script defer src="//play.pokemonshowdown.com/js/lib/preact.min.js"></script>

<script defer src="//play.pokemonshowdown.com/config/config.js?2bddbc15"></script>
<script defer src="//play.pokemonshowdown.com/js/lib/jquery-1.11.0.min.js"></script>
<script defer src="//play.pokemonshowdown.com/js/lib/html-sanitizer-minified.js"></script>
<script defer src="//play.pokemonshowdown.com/js/battle-sound.js"></script>
<script defer src="//play.pokemonshowdown.com/js/battledata.js?0.7209276989879541"></script>
<script defer src="//play.pokemonshowdown.com/data/pokedex-mini.js?0.6111056340867951"></script>
<script defer src="//play.pokemonshowdown.com/data/pokedex-mini-bw.js?0.3532142036491459"></script>
<script defer src="//play.pokemonshowdown.com/data/graphics.js?0.24223875632456182"></script>
<script defer src="//play.pokemonshowdown.com/data/pokedex.js?0.38839984266356864"></script>
<script defer src="//play.pokemonshowdown.com/data/moves.js?0.21866028504024015"></script>
<script defer src="//play.pokemonshowdown.com/data/abilities.js?0.2005157953846628"></script>
<script defer src="//play.pokemonshowdown.com/data/items.js?0.9894211263848525"></script>
<script defer src="//play.pokemonshowdown.com/data/teambuilder-tables.js?0.6008791140282215"></script>
<script defer src="//play.pokemonshowdown.com/js/battle-tooltips.js?0.7580118955022959"></script>
<script defer src="//play.pokemonshowdown.com/js/battle.js?0.6057722274234274"></script>

<script defer src="js/utils.js?e31f9a17"></script>
<script defer src="js/replays-battle.js?7008c182"></script>

<!-- don't scrape this data! just add .json or .log after the URL!
Full API docs: https://github.com/smogon/pokemon-showdown-client/blob/master/WEB-API.md -->
<script type="text/plain" class="log" id="replaylog-smogtours-gen3ou-796861">
|inactive|Battle timer is ON: inactive players will automatically lose when time's up.
|t:|1728527882
|gametype|singles
|player|p1|Rainer2424|101|
|player|p2|blundergoth|ingo|
|teamsize|p1|6
|teamsize|p2|6
|gen|3
|tier|[Gen 3] OU
|rule|Sleep Clause Mod: Limit one foe put to sleep
|rule|Switch Priority Clause Mod: Faster Pokémon switch first
|rule|Species Clause: Limit one of each Pokémon
|rule|OHKO Clause: OHKO moves are banned
|rule|Evasion Items Clause: Evasion items are banned
|rule|Evasion Moves Clause: Evasion moves are banned
|rule|Endless Battle Clause: Forcing endless battles is banned
|rule|HP Percentage Mod: HP is shown in percentages
|rule|One Boost Passer Clause: Limit one Baton Passer that has a way to boost its stats
|rule|Freeze Clause Mod: Limit one foe frozen
|
|t:|1728527882
|start
|switch|p1a: Blue in Green|Salamence, M, shiny|100/100
|switch|p2a: Grotch.|Metagross|100/100
|-ability|p1a: Blue in Green|Intimidate|boost
|-fail|p2a: Grotch.|unboost|[from] ability: Clear Body|[of] p2a: Grotch.
|turn|1
|c|☆Rainer2424|Good luck mate
|inactive|blundergoth has 270 seconds left.
|
|t:|1728527920
|switch|p1a: Kind of Blue|Magneton|100/100
|move|p2a: Grotch.|Meteor Mash|p1a: Kind of Blue
|-resisted|p1a: Kind of Blue
|-damage|p1a: Kind of Blue|72/100
|
|upkeep
|turn|2
|c|☆Rainer2424|You’re a Marshall gilkes fan?
|
|t:|1728527933
|move|p1a: Kind of Blue|Thunder Wave|p2a: Grotch.
|-status|p2a: Grotch.|par
|move|p2a: Grotch.|Meteor Mash|p1a: Kind of Blue
|-resisted|p1a: Kind of Blue
|-damage|p1a: Kind of Blue|40/100
|
|upkeep
|turn|3
|c|☆blundergoth|what the how do you know that LOL
|
|t:|1728527945
|move|p1a: Kind of Blue|Thunderbolt|p2a: Grotch.
|-damage|p2a: Grotch.|48/100 par
|cant|p2a: Grotch.|par
|
|upkeep
|turn|4
|c|☆Rainer2424|I’ve got my ways lol
|c|☆Rainer2424|his always forward is legendary 
|c|☆blundergoth|browsed my spotify i guess lmao
|
|t:|1728527962
|move|p1a: Kind of Blue|Thunderbolt|p2a: Grotch.
|-damage|p2a: Grotch.|0 fnt
|faint|p2a: Grotch.
|
|t:|1728527965
|switch|p2a: Babble.|Charizard, M|100/100
|
|upkeep
|turn|5
|c|☆Rainer2424|Gotta know my opponents mindset lol
|c|☆Rainer2424|morning smiles is probably the best track
|
|t:|1728527984
|move|p2a: Babble.|Flamethrower|p1a: Kind of Blue
|-supereffective|p1a: Kind of Blue
|-damage|p1a: Kind of Blue|0 fnt
|faint|p1a: Kind of Blue
|
|t:|1728527985
|switch|p1a: Freddie Freeloader|Snorlax, F, shiny|100/100
|
|upkeep
|turn|6
|
|t:|1728528002
|switch|p2a: Haha.|Cloyster, F|100/100
|move|p1a: Freddie Freeloader|Body Slam|p2a: Haha.
|-damage|p2a: Haha.|69/100
|-status|p2a: Haha.|par
|
|-heal|p2a: Haha.|75/100 par|[from] item: Leftovers
|upkeep
|turn|7
|c|☆blundergoth|easily
|
|t:|1728528011
|switch|p1a: All Blues|Suicune, shiny|100/100
|cant|p2a: Haha.|par
|
|-heal|p2a: Haha.|81/100 par|[from] item: Leftovers
|upkeep
|turn|8
|
|t:|1728528019
|move|p1a: All Blues|Substitute|p1a: All Blues
|-start|p1a: All Blues|Substitute
|-damage|p1a: All Blues|75/100
|move|p2a: Haha.|Explosion|p1a: All Blues
|-end|p1a: All Blues|Substitute
|faint|p2a: Haha.
|
|t:|1728528030
|switch|p2a: Jamallax|Snorlax, M|100/100
|
|-heal|p1a: All Blues|82/100|[from] item: Leftovers
|upkeep
|turn|9
|c|☆Rainer2424|Not easily at all, switchback and puddle jumping are amazing
|
|t:|1728528051
|switch|p1a: So What|Metagross|100/100
|move|p2a: Jamallax|Double-Edge|p1a: So What
|-resisted|p1a: So What
|-damage|p1a: So What|77/100
|-damage|p2a: Jamallax|95/100|[from] Recoil|[of] p1a: So What
|
|-heal|p2a: Jamallax|100/100|[from] item: Leftovers
|upkeep
|turn|10
|
|t:|1728528056
|switch|p2a: Purt Purt|Swampert, M|100/100
|move|p1a: So What|Explosion|p2a: Purt Purt
|-damage|p2a: Purt Purt|0 fnt
|faint|p1a: So What
|faint|p2a: Purt Purt
|
|t:|1728528067
|switch|p1a: Freddie Freeloader|Snorlax, F, shiny|100/100
|switch|p2a: Babble.|Charizard, M|100/100
|
|upkeep
|turn|11
|
|t:|1728528075
|move|p2a: Babble.|Flamethrower|p1a: Freddie Freeloader
|-damage|p1a: Freddie Freeloader|71/100
|move|p1a: Freddie Freeloader|Body Slam|p2a: Babble.
|-damage|p2a: Babble.|36/100
|
|-heal|p2a: Babble.|42/100|[from] item: Leftovers
|-heal|p1a: Freddie Freeloader|78/100|[from] item: Leftovers
|upkeep
|turn|12
|
|t:|1728528082
|move|p2a: Babble.|Flamethrower|p1a: Freddie Freeloader
|-damage|p1a: Freddie Freeloader|49/100
|move|p1a: Freddie Freeloader|Body Slam|p2a: Babble.
|-damage|p2a: Babble.|0 fnt
|faint|p2a: Babble.
|
|t:|1728528109
|switch|p2a: Jamallax|Snorlax, M|100/100
|
|-heal|p1a: Freddie Freeloader|55/100|[from] item: Leftovers
|upkeep
|turn|13
|
|t:|1728528112
|move|p2a: Jamallax|Double-Edge|p1a: Freddie Freeloader
|-crit|p1a: Freddie Freeloader
|-damage|p1a: Freddie Freeloader|0 fnt
|-damage|p2a: Jamallax|82/100|[from] Recoil|[of] p1a: Freddie Freeloader
|faint|p1a: Freddie Freeloader
|
|t:|1728528116
|switch|p1a: Blue in Green|Salamence, M, shiny|100/100
|-ability|p1a: Blue in Green|Intimidate|boost
|-unboost|p2a: Jamallax|atk|1
|
|-heal|p2a: Jamallax|89/100|[from] item: Leftovers
|upkeep
|turn|14
|c|☆Rainer2424|Damn that one sucks
|
|t:|1728528125
|move|p1a: Blue in Green|Brick Break|p2a: Jamallax
|-supereffective|p2a: Jamallax
|-damage|p2a: Jamallax|53/100
|move|p2a: Jamallax|Curse|p2a: Jamallax
|-unboost|p2a: Jamallax|spe|1
|-boost|p2a: Jamallax|atk|1
|-boost|p2a: Jamallax|def|1
|
|-heal|p2a: Jamallax|59/100|[from] item: Leftovers
|upkeep
|turn|15
|
|t:|1728528134
|move|p1a: Blue in Green|Brick Break|p2a: Jamallax
|-supereffective|p2a: Jamallax
|-damage|p2a: Jamallax|33/100
|move|p2a: Jamallax|Curse|p2a: Jamallax
|-unboost|p2a: Jamallax|spe|1
|-boost|p2a: Jamallax|atk|1
|-boost|p2a: Jamallax|def|1
|
|-heal|p2a: Jamallax|39/100|[from] item: Leftovers
|upkeep
|turn|16
|
|t:|1728528138
|move|p1a: Blue in Green|Brick Break|p2a: Jamallax
|-supereffective|p2a: Jamallax
|-damage|p2a: Jamallax|19/100
|move|p2a: Jamallax|Double-Edge|p1a: Blue in Green
|-damage|p1a: Blue in Green|0 fnt
|-damage|p2a: Jamallax|0 fnt|[from] Recoil|[of] p1a: Blue in Green
|faint|p1a: Blue in Green
|faint|p2a: Jamallax
|
|t:|1728528148
|switch|p1a: Flamenco Sketches|Heracross, F|100/100
|switch|p2a: Sharp Fangs|Tyranitar, M|100/100
|-weather|Sandstorm|[from] ability: Sand Stream|[of] p2a: Sharp Fangs
|
|-weather|Sandstorm|[upkeep]
|-damage|p1a: Flamenco Sketches|94/100|[from] Sandstorm
|upkeep
|turn|17
|
|t:|1728528153
|move|p1a: Flamenco Sketches|Megahorn|p2a: Sharp Fangs
|-supereffective|p2a: Sharp Fangs
|-damage|p2a: Sharp Fangs|0 fnt
|faint|p2a: Sharp Fangs
|
|win|Rainer2424
|c|☆blundergoth|gg
|c|☆Rainer2424|Gg
|player|p2|

</script>
<script type="application/json" class="data" id="replaydata-smogtours-gen3ou-796861">
{"id":"smogtours-gen3ou-796861","format":"[Gen 3] OU","players":["Rainer2424","blundergoth"],"uploadtime":1728528153,"views":138,"formatid":"gen3ou","rating":null,"private":0,"password":null}
</script>

<script defer src="js/replays.js?9d40a366"></script>
