<!DOCTYPE html>
<meta charset="utf-8" />
<meta name="viewport" content="width=device-width" />

<title>[Gen 3] OU: the band pet vs. Strawbbz - Replays - Pok&eacute;mon Showdown!</title>

<meta name="description" content="Watch a replay of a Pok&eacute;mon battle between the band pet and Strawbbz! Format: [Gen 3] OU; Date: Oct 17, 2024" />
<!--

Hey, you! Looking in the source for the replay log?

You can find them in JSON format, just add `.json` at the end of a replay URL.

https://replay.pokemonshowdown.com/gen7randomdoublesbattle-865046831.json

Or, if you only need the log itself, add `.log` instead:

https://replay.pokemonshowdown.com/gen7randomdoublesbattle-865046831.log

-->

<link rel="stylesheet" href="//pokemonshowdown.com/style/global.css?0.767286132409787" />
<link rel="stylesheet" href="//play.pokemonshowdown.com/style/font-awesome.css?0.9266228007934947" />
<link rel="stylesheet" href="//play.pokemonshowdown.com/style/battle.css?0.7924700842790926" />
<link rel="stylesheet" href="//play.pokemonshowdown.com/style/utilichart.css?0.8777417872839479" />

<!-- Global site tag (gtag.js) - Google Analytics -->
<script async src="https://www.googletagmanager.com/gtag/js?id=UA-26211653-1"></script>
<script>
  window.dataLayer = window.dataLayer || [];
  function gtag(){dataLayer.push(arguments);}
  gtag('js', new Date());

  gtag('config', 'UA-26211653-1');
</script>
<!-- End Google Analytics -->
<!-- Venatus Ad Manager - Install in <HEAD> of page -->
	<script src="https://hb.vntsm.com/v3/live/ad-manager.min.js" type="text/javascript" data-site-id="642aba63ec9a7b11c3c9c1be" data-mode="scan" async></script>
<!-- / Venatus Ad Manager -->

<style>
	@media (max-width:820px) {
		.battle {
			margin: 0 auto;
		}
		.battle-log {
			margin: 7px auto 0;
			max-width: 640px;
			height: 300px;
			position: static;
		}
	}
	.optgroup {
		display: inline-block;
		line-height: 22px;
		font-size: 10pt;
	}
	.optgroup .button {
		height: 25px;
		padding-top: 0;
		padding-bottom: 0;
	}
	.optgroup button.button {
		padding-left: 12px;
		padding-right: 12px;
	}
	.linklist {
		list-style: none;
		margin: 0.5em 0;
		padding: 0;
	}
	.linklist li {
		padding: 2px 0;
	}
	.sidebar {
		float: left;
		width: 320px;
	}
	.bar-wrapper {
		max-width: 1100px;
		margin: 0 auto;
	}
	.bar-wrapper.has-sidebar {
		max-width: 1430px;
	}
	.mainbar {
		margin: 0;
		padding-right: 1px;
	}
	.mainbar.has-sidebar {
		margin-left: 330px;
	}
	@media (min-width: 1511px) {
		.sidebar {
			width: 400px;
		}
		.bar-wrapper.has-sidebar {
			max-width: 1510px;
		}
		.mainbar.has-sidebar {
			margin-left: 410px;
		}
	}
	.section.first-section {
		margin-top: 9px;
	}
	.blocklink small {
		white-space: normal;
	}
	.button {
		vertical-align: middle;
	}
	.replay-controls {
		padding-top: 10px;
	}
	.replay-controls h1 {
		font-size: 16pt;
		font-weight: normal;
		color: #CCC;
	}
	.pagelink {
		text-align: center;
	}
	.pagelink a {
		width: 150px;
	}
	.textbox, .button {
		font-size: 11pt;
		vertical-align: middle;
	}
	@media (max-width: 450px) {
		.button {
			font-size: 9pt;
		}
	}
</style>

<div>

	<header>
		<div class="nav-wrapper"><ul class="nav">
			<li><a class="button nav-first" href="//pokemonshowdown.com/"><img src="//pokemonshowdown.com/images/pokemonshowdownbeta.png" srcset="//pokemonshowdown.com/images/pokemonshowdownbeta.png 1x, //pokemonshowdown.com/images/pokemonshowdownbeta@2x.png 2x" alt="Pok&eacute;mon Showdown" width="146" height="44" /> Home</a></li>
			<li><a class="button" href="//pokemonshowdown.com/dex/">Pok&eacute;dex</a></li>
			<li><a class="button cur" href="/">Replays</a></li>
			<li><a class="button" href="//pokemonshowdown.com/ladder/">Ladder</a></li>
			<li><a class="button nav-last" href="//pokemonshowdown.com/forums/">Forum</a></li>
			<li><a class="button greenbutton nav-first nav-last" href="//play.pokemonshowdown.com/">Play</a></li>
		</ul></div>
	</header>

	<div class="main" id="main">

		<noscript><section class="section">You need to enable JavaScript to use this page; sorry!</section></noscript>

	</div>

</div>

<script defer nomodule src="//play.pokemonshowdown.com/js/lib/ps-polyfill.js"></script>
<script defer src="//play.pokemonshowdown.com/js/lib/preact.min.js"></script>

<script defer src="//play.pokemonshowdown.com/config/config.js?6dec07f6"></script>
<script defer src="//play.pokemonshowdown.com/js/lib/jquery-1.11.0.min.js"></script>
<script defer src="//play.pokemonshowdown.com/js/lib/html-sanitizer-minified.js"></script>
<script defer src="//play.pokemonshowdown.com/js/battle-sound.js"></script>
<script defer src="//play.pokemonshowdown.com/js/battledata.js?0.6315294753075389"></script>
<script defer src="//play.pokemonshowdown.com/data/pokedex-mini.js?0.7603743185311358"></script>
<script defer src="//play.pokemonshowdown.com/data/pokedex-mini-bw.js?0.030888842834281283"></script>
<script defer src="//play.pokemonshowdown.com/data/graphics.js?0.05593094747507488"></script>
<script defer src="//play.pokemonshowdown.com/data/pokedex.js?0.47064822249611904"></script>
<script defer src="//play.pokemonshowdown.com/data/moves.js?0.8583693120512459"></script>
<script defer src="//play.pokemonshowdown.com/data/abilities.js?0.16017181182386842"></script>
<script defer src="//play.pokemonshowdown.com/data/items.js?0.4163379185673943"></script>
<script defer src="//play.pokemonshowdown.com/data/teambuilder-tables.js?0.31075597372830477"></script>
<script defer src="//play.pokemonshowdown.com/js/battle-tooltips.js?0.6536193500708172"></script>
<script defer src="//play.pokemonshowdown.com/js/battle.js?0.1916591943277901"></script>

<script defer src="js/utils.js?e31f9a17"></script>
<script defer src="js/replays-battle.js?7008c182"></script>

<!-- don't scrape this data! just add .json or .log after the URL!
Full API docs: https://github.com/smogon/pokemon-showdown-client/blob/master/WEB-API.md -->
<script type="text/plain" class="log" id="replaylog-smogtours-gen3ou-799288">
|inactive|Battle timer is ON: inactive players will automatically lose when time's up.
|t:|1729181589
|gametype|singles
|player|p1|the band pet|102|
|player|p2|Strawbbz|silver-gen2|
|teamsize|p1|6
|teamsize|p2|6
|gen|3
|tier|[Gen 3] OU
|rule|Sleep Clause Mod: Limit one foe put to sleep
|rule|Switch Priority Clause Mod: Faster Pokémon switch first
|rule|Species Clause: Limit one of each Pokémon
|rule|OHKO Clause: OHKO moves are banned
|rule|Evasion Items Clause: Evasion items are banned
|rule|Evasion Moves Clause: Evasion moves are banned
|rule|Endless Battle Clause: Forcing endless battles is banned
|rule|HP Percentage Mod: HP is shown in percentages
|rule|One Boost Passer Clause: Limit one Baton Passer that has a way to boost its stats
|rule|Freeze Clause Mod: Limit one foe frozen
|
|t:|1729181589
|start
|switch|p1a: Guston|Tyranitar, F|100/100
|switch|p2a: Wail Wail Wail|Wailord, M|100/100
|-weather|Sandstorm|[from] ability: Sand Stream|[of] p1a: Guston
|turn|1
|
|t:|1729181602
|move|p1a: Guston|Hidden Power|p2a: Wail Wail Wail
|-supereffective|p2a: Wail Wail Wail
|-damage|p2a: Wail Wail Wail|47/100
|move|p2a: Wail Wail Wail|Water Spout|p1a: Guston
|-supereffective|p1a: Guston
|-damage|p1a: Guston|34/100
|
|-weather|Sandstorm|[upkeep]
|-damage|p2a: Wail Wail Wail|41/100|[from] Sandstorm
|-heal|p1a: Guston|40/100|[from] item: Leftovers
|-heal|p2a: Wail Wail Wail|47/100|[from] item: Leftovers
|upkeep
|turn|2
|inactive|Strawbbz has 270 seconds left.
|
|t:|1729181647
|-activate|p2a: Wail Wail Wail|move: Pursuit
|move|p1a: Guston|Pursuit|p2a: Wail Wail Wail|[from]Pursuit
|-damage|p2a: Wail Wail Wail|6/100
|switch|p2a: Milotlc|Gyarados, M|100/100
|-ability|p2a: Milotlc|Intimidate|boost
|-unboost|p1a: Guston|atk|1
|
|-weather|Sandstorm|[upkeep]
|-damage|p2a: Milotlc|94/100|[from] Sandstorm
|-heal|p2a: Milotlc|100/100|[from] item: Leftovers
|-heal|p1a: Guston|46/100|[from] item: Leftovers
|upkeep
|turn|3
|
|t:|1729181668
|switch|p2a: Celery|Celebi|100/100
|switch|p1a: Martin|Forretress, F|100/100
|
|-weather|Sandstorm|[upkeep]
|-damage|p2a: Celery|94/100|[from] Sandstorm
|-heal|p2a: Celery|100/100|[from] item: Leftovers
|upkeep
|turn|4
|
|t:|1729181673
|switch|p2a: Poop Dungo|Magneton|100/100
|move|p1a: Martin|Spikes|p2a: Poop Dungo
|-sidestart|p2: Strawbbz|Spikes
|
|-weather|Sandstorm|[upkeep]
|upkeep
|turn|5
|
|t:|1729181676
|move|p2a: Poop Dungo|Hidden Power|p1a: Martin
|-supereffective|p1a: Martin
|-damage|p1a: Martin|0 fnt
|faint|p1a: Martin
|
|t:|1729181684
|switch|p1a: Gris|Swampert, M|100/100
|
|-weather|Sandstorm|[upkeep]
|upkeep
|turn|6
|inactive|Strawbbz has 270 seconds left.
|
|t:|1729181699
|move|p2a: Poop Dungo|Toxic|p1a: Gris
|-status|p1a: Gris|tox
|move|p1a: Gris|Earthquake|p2a: Poop Dungo
|-supereffective|p2a: Poop Dungo
|-damage|p2a: Poop Dungo|0 fnt
|faint|p2a: Poop Dungo
|inactive|Strawbbz has 270 seconds left.
|
|t:|1729181708
|switch|p2a: Celery|Celebi|100/100
|-damage|p2a: Celery|88/100|[from] Spikes
|
|-weather|Sandstorm|[upkeep]
|-damage|p2a: Celery|82/100|[from] Sandstorm
|-heal|p2a: Celery|88/100|[from] item: Leftovers
|-damage|p1a: Gris|94/100 tox|[from] psn
|upkeep
|turn|7
|
|t:|1729181714
|move|p2a: Celery|Swords Dance|p2a: Celery
|-boost|p2a: Celery|atk|2
|move|p1a: Gris|Ice Beam|p2a: Celery
|-supereffective|p2a: Celery
|-damage|p2a: Celery|49/100
|
|-weather|Sandstorm|[upkeep]
|-damage|p2a: Celery|43/100|[from] Sandstorm
|-heal|p2a: Celery|49/100|[from] item: Leftovers
|-heal|p1a: Gris|100/100 tox|[from] item: Leftovers
|-damage|p1a: Gris|88/100 tox|[from] psn
|upkeep
|turn|8
|
|t:|1729181720
|switch|p1a: Af Klimt|Venusaur, M|100/100
|move|p2a: Celery|Recover|p2a: Celery
|-heal|p2a: Celery|99/100
|
|-weather|Sandstorm|[upkeep]
|-damage|p2a: Celery|93/100|[from] Sandstorm
|-damage|p1a: Af Klimt|95/100|[from] Sandstorm
|-heal|p2a: Celery|99/100|[from] item: Leftovers
|-heal|p1a: Af Klimt|100/100|[from] item: Leftovers
|upkeep
|turn|9
|
|t:|1729181743
|switch|p1a: Guston|Tyranitar, F|46/100
|move|p2a: Celery|Baton Pass|p2a: Celery
|inactive|Strawbbz has 270 seconds left.
|
|t:|1729181768
|switch|p2a: Edea's Wrath|Heracross, F|100/100|[from] Baton Pass
|-damage|p2a: Edea's Wrath|88/100|[from] Spikes
|
|-weather|Sandstorm|[upkeep]
|-damage|p2a: Edea's Wrath|82/100|[from] Sandstorm
|-heal|p1a: Guston|52/100|[from] item: Leftovers
|upkeep
|turn|10
|
|t:|1729181787
|move|p2a: Edea's Wrath|Rock Slide|p1a: Guston
|-damage|p1a: Guston|0 fnt
|faint|p1a: Guston
|
|t:|1729181796
|switch|p1a: Af Klimt|Venusaur, M|100/100
|
|-weather|Sandstorm|[upkeep]
|-damage|p1a: Af Klimt|95/100|[from] Sandstorm
|-damage|p2a: Edea's Wrath|76/100|[from] Sandstorm
|-heal|p1a: Af Klimt|100/100|[from] item: Leftovers
|upkeep
|turn|11
|
|t:|1729181800
|move|p1a: Af Klimt|Hidden Power|p2a: Edea's Wrath
|-supereffective|p2a: Edea's Wrath
|-damage|p2a: Edea's Wrath|34/100
|move|p2a: Edea's Wrath|Megahorn|p1a: Af Klimt
|-damage|p1a: Af Klimt|0 fnt
|faint|p1a: Af Klimt
|
|t:|1729181813
|switch|p1a: Bomberg|Zapdos|100/100
|
|-weather|Sandstorm|[upkeep]
|-damage|p2a: Edea's Wrath|28/100|[from] Sandstorm
|-damage|p1a: Bomberg|94/100|[from] Sandstorm
|-heal|p1a: Bomberg|100/100|[from] item: Leftovers
|upkeep
|turn|12
|
|t:|1729181828
|move|p2a: Edea's Wrath|Rock Slide|p1a: Bomberg
|-supereffective|p1a: Bomberg
|-damage|p1a: Bomberg|0 fnt
|faint|p1a: Bomberg
|
|t:|1729181835
|switch|p1a: Gris|Swampert, M|88/100 tox
|
|-weather|Sandstorm|[upkeep]
|-damage|p2a: Edea's Wrath|22/100|[from] Sandstorm
|-enditem|p2a: Edea's Wrath|Salac Berry|[eat]
|-boost|p2a: Edea's Wrath|spe|1|[from] item: Salac Berry
|-heal|p1a: Gris|94/100 tox|[from] item: Leftovers
|-damage|p1a: Gris|88/100 tox|[from] psn
|upkeep
|turn|13
|
|t:|1729181838
|move|p1a: Gris|Protect|p1a: Gris
|-singleturn|p1a: Gris|Protect
|move|p2a: Edea's Wrath|Megahorn|p1a: Gris
|-activate|p1a: Gris|Protect
|
|-weather|Sandstorm|[upkeep]
|-damage|p2a: Edea's Wrath|16/100|[from] Sandstorm
|-heal|p1a: Gris|94/100 tox|[from] item: Leftovers
|-damage|p1a: Gris|82/100 tox|[from] psn
|upkeep
|turn|14
|
|t:|1729181847
|move|p1a: Gris|Protect|p1a: Gris
|-singleturn|p1a: Gris|Protect
|move|p2a: Edea's Wrath|Megahorn|p1a: Gris
|-activate|p1a: Gris|Protect
|
|-weather|Sandstorm|[upkeep]
|-damage|p2a: Edea's Wrath|10/100|[from] Sandstorm
|-heal|p1a: Gris|88/100 tox|[from] item: Leftovers
|-damage|p1a: Gris|69/100 tox|[from] psn
|upkeep
|turn|15
|
|t:|1729181856
|move|p2a: Edea's Wrath|Megahorn|p1a: Gris
|-damage|p1a: Gris|0 fnt
|faint|p1a: Gris
|
|t:|1729181859
|switch|p1a: Kossoff|Aerodactyl, M|100/100
|
|-weather|Sandstorm|[upkeep]
|-damage|p2a: Edea's Wrath|4/100|[from] Sandstorm
|upkeep
|turn|16
|
|t:|1729181864
|move|p2a: Edea's Wrath|Rock Slide|p1a: Kossoff
|-supereffective|p1a: Kossoff
|-damage|p1a: Kossoff|0 fnt
|faint|p1a: Kossoff
|
|win|Strawbbz
|c|☆Strawbbz|ggs
|c|☆the band pet|lmao ggs wp 

</script>
<script type="application/json" class="data" id="replaydata-smogtours-gen3ou-799288">
{"id":"smogtours-gen3ou-799288","format":"[Gen 3] OU","players":["the band pet","Strawbbz"],"uploadtime":1729181864,"views":165,"formatid":"gen3ou","rating":null,"private":0,"password":null}
</script>

<script defer src="js/replays.js?9d40a366"></script>
