<!DOCTYPE html>
<meta charset="utf-8" />
<meta name="viewport" content="width=device-width" />

<title>[Gen 3] OU: SgtPingwen vs. dankmemewizard - Replays - Pok&eacute;mon Showdown!</title>

<meta name="description" content="Watch a replay of a Pok&eacute;mon battle between SgtPingwen and dankmemewizard! Format: [Gen 3] OU; Date: Oct 5, 2024" />
<!--

Hey, you! Looking in the source for the replay log?

You can find them in JSON format, just add `.json` at the end of a replay URL.

https://replay.pokemonshowdown.com/gen7randomdoublesbattle-865046831.json

Or, if you only need the log itself, add `.log` instead:

https://replay.pokemonshowdown.com/gen7randomdoublesbattle-865046831.log

-->

<link rel="stylesheet" href="//pokemonshowdown.com/style/global.css?0.023195364461161105" />
<link rel="stylesheet" href="//play.pokemonshowdown.com/style/font-awesome.css?0.13261647063804238" />
<link rel="stylesheet" href="//play.pokemonshowdown.com/style/battle.css?0.8753245789963631" />
<link rel="stylesheet" href="//play.pokemonshowdown.com/style/utilichart.css?0.8627959624976733" />

<!-- Global site tag (gtag.js) - Google Analytics -->
<script async src="https://www.googletagmanager.com/gtag/js?id=UA-26211653-1"></script>
<script>
  window.dataLayer = window.dataLayer || [];
  function gtag(){dataLayer.push(arguments);}
  gtag('js', new Date());

  gtag('config', 'UA-26211653-1');
</script>
<!-- End Google Analytics -->
<!-- Venatus Ad Manager - Install in <HEAD> of page -->
	<script src="https://hb.vntsm.com/v3/live/ad-manager.min.js" type="text/javascript" data-site-id="642aba63ec9a7b11c3c9c1be" data-mode="scan" async></script>
<!-- / Venatus Ad Manager -->

<style>
	@media (max-width:820px) {
		.battle {
			margin: 0 auto;
		}
		.battle-log {
			margin: 7px auto 0;
			max-width: 640px;
			height: 300px;
			position: static;
		}
	}
	.optgroup {
		display: inline-block;
		line-height: 22px;
		font-size: 10pt;
	}
	.optgroup .button {
		height: 25px;
		padding-top: 0;
		padding-bottom: 0;
	}
	.optgroup button.button {
		padding-left: 12px;
		padding-right: 12px;
	}
	.linklist {
		list-style: none;
		margin: 0.5em 0;
		padding: 0;
	}
	.linklist li {
		padding: 2px 0;
	}
	.sidebar {
		float: left;
		width: 320px;
	}
	.bar-wrapper {
		max-width: 1100px;
		margin: 0 auto;
	}
	.bar-wrapper.has-sidebar {
		max-width: 1430px;
	}
	.mainbar {
		margin: 0;
		padding-right: 1px;
	}
	.mainbar.has-sidebar {
		margin-left: 330px;
	}
	@media (min-width: 1511px) {
		.sidebar {
			width: 400px;
		}
		.bar-wrapper.has-sidebar {
			max-width: 1510px;
		}
		.mainbar.has-sidebar {
			margin-left: 410px;
		}
	}
	.section.first-section {
		margin-top: 9px;
	}
	.blocklink small {
		white-space: normal;
	}
	.button {
		vertical-align: middle;
	}
	.replay-controls {
		padding-top: 10px;
	}
	.replay-controls h1 {
		font-size: 16pt;
		font-weight: normal;
		color: #CCC;
	}
	.pagelink {
		text-align: center;
	}
	.pagelink a {
		width: 150px;
	}
	.textbox, .button {
		font-size: 11pt;
		vertical-align: middle;
	}
	@media (max-width: 450px) {
		.button {
			font-size: 9pt;
		}
	}
</style>

<div>

	<header>
		<div class="nav-wrapper"><ul class="nav">
			<li><a class="button nav-first" href="//pokemonshowdown.com/"><img src="//pokemonshowdown.com/images/pokemonshowdownbeta.png" srcset="//pokemonshowdown.com/images/pokemonshowdownbeta.png 1x, //pokemonshowdown.com/images/pokemonshowdownbeta@2x.png 2x" alt="Pok&eacute;mon Showdown" width="146" height="44" /> Home</a></li>
			<li><a class="button" href="//pokemonshowdown.com/dex/">Pok&eacute;dex</a></li>
			<li><a class="button cur" href="/">Replays</a></li>
			<li><a class="button" href="//pokemonshowdown.com/ladder/">Ladder</a></li>
			<li><a class="button nav-last" href="//pokemonshowdown.com/forums/">Forum</a></li>
			<li><a class="button greenbutton nav-first nav-last" href="//play.pokemonshowdown.com/">Play</a></li>
		</ul></div>
	</header>

	<div class="main" id="main">

		<noscript><section class="section">You need to enable JavaScript to use this page; sorry!</section></noscript>

	</div>

</div>

<script defer nomodule src="//play.pokemonshowdown.com/js/lib/ps-polyfill.js"></script>
<script defer src="//play.pokemonshowdown.com/js/lib/preact.min.js"></script>

<script defer src="//play.pokemonshowdown.com/config/config.js?2bddbc15"></script>
<script defer src="//play.pokemonshowdown.com/js/lib/jquery-1.11.0.min.js"></script>
<script defer src="//play.pokemonshowdown.com/js/lib/html-sanitizer-minified.js"></script>
<script defer src="//play.pokemonshowdown.com/js/battle-sound.js"></script>
<script defer src="//play.pokemonshowdown.com/js/battledata.js?0.7209276989879541"></script>
<script defer src="//play.pokemonshowdown.com/data/pokedex-mini.js?0.6111056340867951"></script>
<script defer src="//play.pokemonshowdown.com/data/pokedex-mini-bw.js?0.3532142036491459"></script>
<script defer src="//play.pokemonshowdown.com/data/graphics.js?0.24223875632456182"></script>
<script defer src="//play.pokemonshowdown.com/data/pokedex.js?0.38839984266356864"></script>
<script defer src="//play.pokemonshowdown.com/data/moves.js?0.21866028504024015"></script>
<script defer src="//play.pokemonshowdown.com/data/abilities.js?0.2005157953846628"></script>
<script defer src="//play.pokemonshowdown.com/data/items.js?0.9894211263848525"></script>
<script defer src="//play.pokemonshowdown.com/data/teambuilder-tables.js?0.6008791140282215"></script>
<script defer src="//play.pokemonshowdown.com/js/battle-tooltips.js?0.7580118955022959"></script>
<script defer src="//play.pokemonshowdown.com/js/battle.js?0.6057722274234274"></script>

<script defer src="js/utils.js?e31f9a17"></script>
<script defer src="js/replays-battle.js?7008c182"></script>

<!-- don't scrape this data! just add .json or .log after the URL!
Full API docs: https://github.com/smogon/pokemon-showdown-client/blob/master/WEB-API.md -->
<script type="text/plain" class="log" id="replaylog-smogtours-gen3ou-794974">
|inactive|Battle timer is ON: inactive players will automatically lose when time's up.
|t:|1728142175
|gametype|singles
|player|p1|SgtPingwen|2|
|player|p2|dankmemewizard|170|
|teamsize|p1|6
|teamsize|p2|6
|gen|3
|tier|[Gen 3] OU
|rule|Sleep Clause Mod: Limit one foe put to sleep
|rule|Switch Priority Clause Mod: Faster Pokémon switch first
|rule|Species Clause: Limit one of each Pokémon
|rule|OHKO Clause: OHKO moves are banned
|rule|Evasion Items Clause: Evasion items are banned
|rule|Evasion Moves Clause: Evasion moves are banned
|rule|Endless Battle Clause: Forcing endless battles is banned
|rule|HP Percentage Mod: HP is shown in percentages
|rule|One Boost Passer Clause: Limit one Baton Passer that has a way to boost its stats
|rule|Freeze Clause Mod: Limit one foe frozen
|
|t:|1728142175
|start
|switch|p1a: Zapdos|Zapdos|100/100
|switch|p2a: Stance Too Wide|Hariyama, M|100/100
|turn|1
|
|t:|1728142197
|move|p1a: Zapdos|Thunderbolt|p2a: Stance Too Wide
|-damage|p2a: Stance Too Wide|62/100
|move|p2a: Stance Too Wide|Knock Off|p1a: Zapdos
|-damage|p1a: Zapdos|98/100
|-enditem|p1a: Zapdos|Leftovers|[from] move: Knock Off|[of] p2a: Stance Too Wide
|-hint|In Gens 3-4, Knock Off only makes the target's item unusable; it cannot obtain a new item.
|
|-heal|p2a: Stance Too Wide|68/100|[from] item: Leftovers
|upkeep
|turn|2
|
|t:|1728142207
|move|p2a: Stance Too Wide|Protect|p2a: Stance Too Wide
|-singleturn|p2a: Stance Too Wide|Protect
|move|p1a: Zapdos|Thunderbolt|p2a: Stance Too Wide
|-activate|p2a: Stance Too Wide|Protect
|
|-heal|p2a: Stance Too Wide|74/100|[from] item: Leftovers
|upkeep
|turn|3
|
|t:|1728142210
|switch|p2a: Rolie Polie Olie|Blissey, F|100/100
|move|p1a: Zapdos|Baton Pass|p1a: Zapdos
|
|t:|1728142214
|switch|p1a: Metagross|Metagross|100/100|[from] Baton Pass
|
|upkeep
|turn|4
|
|t:|1728142222
|switch|p2a: Pencil Neck|Milotic, M|100/100
|move|p1a: Metagross|Meteor Mash|p2a: Pencil Neck|[miss]
|-miss|p1a: Metagross|p2a: Pencil Neck
|
|upkeep
|turn|5
|
|t:|1728142243
|switch|p1a: Zapdos|Zapdos|98/100
|switch|p2a: The Vinster|Dusclops, M|100/100
|
|upkeep
|turn|6
|inactive|SgtPingwen has 270 seconds left.
|
|t:|1728142269
|switch|p1a: Swampert|Swampert, M|100/100
|switch|p2a: Rolie Polie Olie|Blissey, F|100/100
|
|upkeep
|turn|7
|inactive|dankmemewizard has 270 seconds left.
|
|t:|1728142291
|move|p1a: Swampert|Earthquake|p2a: Rolie Polie Olie
|-damage|p2a: Rolie Polie Olie|63/100
|move|p2a: Rolie Polie Olie|Seismic Toss|p1a: Swampert
|-damage|p1a: Swampert|76/100
|
|-heal|p1a: Swampert|82/100|[from] item: Leftovers
|-heal|p2a: Rolie Polie Olie|69/100|[from] item: Leftovers
|upkeep
|turn|8
|
|t:|1728142306
|switch|p1a: Metagross|Metagross|100/100
|move|p2a: Rolie Polie Olie|Soft-Boiled|p2a: Rolie Polie Olie
|-heal|p2a: Rolie Polie Olie|100/100
|
|upkeep
|turn|9
|
|t:|1728142325
|switch|p2a: Pencil Neck|Milotic, M|100/100
|move|p1a: Metagross|Meteor Mash|p2a: Pencil Neck
|-resisted|p2a: Pencil Neck
|-damage|p2a: Pencil Neck|70/100
|
|-heal|p2a: Pencil Neck|76/100|[from] item: Leftovers
|upkeep
|turn|10
|inactive|dankmemewizard has 270 seconds left.
|
|t:|1728142340
|move|p1a: Metagross|Meteor Mash|p2a: Pencil Neck
|-resisted|p2a: Pencil Neck
|-crit|p2a: Pencil Neck
|-damage|p2a: Pencil Neck|15/100
|move|p2a: Pencil Neck|Toxic|p1a: Metagross
|-immune|p1a: Metagross
|
|-heal|p2a: Pencil Neck|21/100|[from] item: Leftovers
|upkeep
|turn|11
|
|t:|1728142349
|move|p1a: Metagross|Meteor Mash|p2a: Pencil Neck
|-resisted|p2a: Pencil Neck
|-damage|p2a: Pencil Neck|0 fnt
|faint|p2a: Pencil Neck
|c|☆dankmemewizard|ggs
|-message|dankmemewizard forfeited.
|
|win|SgtPingwen
|player|p2|
|c|☆SgtPingwen|lol

</script>
<script type="application/json" class="data" id="replaydata-smogtours-gen3ou-794974">
{"id":"smogtours-gen3ou-794974","format":"[Gen 3] OU","players":["SgtPingwen","dankmemewizard"],"uploadtime":1728142355,"views":82,"formatid":"gen3ou","rating":null,"private":0,"password":null}
</script>

<script defer src="js/replays.js?9d40a366"></script>
