<!DOCTYPE html>
<meta charset="utf-8" />
<meta name="viewport" content="width=device-width" />

<title>[Gen 3] OU: HexMoonie vs. NoBottlecapsBlisy - Replays - Pok&eacute;mon Showdown!</title>

<meta name="description" content="Watch a replay of a Pok&eacute;mon battle between HexMoonie and NoBottlecapsBlisy! Format: [Gen 3] OU; Date: Oct 29, 2024" />
<!--

Hey, you! Looking in the source for the replay log?

You can find them in JSON format, just add `.json` at the end of a replay URL.

https://replay.pokemonshowdown.com/gen7randomdoublesbattle-865046831.json

Or, if you only need the log itself, add `.log` instead:

https://replay.pokemonshowdown.com/gen7randomdoublesbattle-865046831.log

-->

<link rel="stylesheet" href="//pokemonshowdown.com/style/global.css?0.023195364461161105" />
<link rel="stylesheet" href="//play.pokemonshowdown.com/style/font-awesome.css?0.13261647063804238" />
<link rel="stylesheet" href="//play.pokemonshowdown.com/style/battle.css?0.8753245789963631" />
<link rel="stylesheet" href="//play.pokemonshowdown.com/style/utilichart.css?0.8627959624976733" />

<!-- Global site tag (gtag.js) - Google Analytics -->
<script async src="https://www.googletagmanager.com/gtag/js?id=UA-26211653-1"></script>
<script>
  window.dataLayer = window.dataLayer || [];
  function gtag(){dataLayer.push(arguments);}
  gtag('js', new Date());

  gtag('config', 'UA-26211653-1');
</script>
<!-- End Google Analytics -->
<!-- Venatus Ad Manager - Install in <HEAD> of page -->
	<script src="https://hb.vntsm.com/v3/live/ad-manager.min.js" type="text/javascript" data-site-id="642aba63ec9a7b11c3c9c1be" data-mode="scan" async></script>
<!-- / Venatus Ad Manager -->

<style>
	@media (max-width:820px) {
		.battle {
			margin: 0 auto;
		}
		.battle-log {
			margin: 7px auto 0;
			max-width: 640px;
			height: 300px;
			position: static;
		}
	}
	.optgroup {
		display: inline-block;
		line-height: 22px;
		font-size: 10pt;
	}
	.optgroup .button {
		height: 25px;
		padding-top: 0;
		padding-bottom: 0;
	}
	.optgroup button.button {
		padding-left: 12px;
		padding-right: 12px;
	}
	.linklist {
		list-style: none;
		margin: 0.5em 0;
		padding: 0;
	}
	.linklist li {
		padding: 2px 0;
	}
	.sidebar {
		float: left;
		width: 320px;
	}
	.bar-wrapper {
		max-width: 1100px;
		margin: 0 auto;
	}
	.bar-wrapper.has-sidebar {
		max-width: 1430px;
	}
	.mainbar {
		margin: 0;
		padding-right: 1px;
	}
	.mainbar.has-sidebar {
		margin-left: 330px;
	}
	@media (min-width: 1511px) {
		.sidebar {
			width: 400px;
		}
		.bar-wrapper.has-sidebar {
			max-width: 1510px;
		}
		.mainbar.has-sidebar {
			margin-left: 410px;
		}
	}
	.section.first-section {
		margin-top: 9px;
	}
	.blocklink small {
		white-space: normal;
	}
	.button {
		vertical-align: middle;
	}
	.replay-controls {
		padding-top: 10px;
	}
	.replay-controls h1 {
		font-size: 16pt;
		font-weight: normal;
		color: #CCC;
	}
	.pagelink {
		text-align: center;
	}
	.pagelink a {
		width: 150px;
	}
	.textbox, .button {
		font-size: 11pt;
		vertical-align: middle;
	}
	@media (max-width: 450px) {
		.button {
			font-size: 9pt;
		}
	}
</style>

<div>

	<header>
		<div class="nav-wrapper"><ul class="nav">
			<li><a class="button nav-first" href="//pokemonshowdown.com/"><img src="//pokemonshowdown.com/images/pokemonshowdownbeta.png" srcset="//pokemonshowdown.com/images/pokemonshowdownbeta.png 1x, //pokemonshowdown.com/images/pokemonshowdownbeta@2x.png 2x" alt="Pok&eacute;mon Showdown" width="146" height="44" /> Home</a></li>
			<li><a class="button" href="//pokemonshowdown.com/dex/">Pok&eacute;dex</a></li>
			<li><a class="button cur" href="/">Replays</a></li>
			<li><a class="button" href="//pokemonshowdown.com/ladder/">Ladder</a></li>
			<li><a class="button nav-last" href="//pokemonshowdown.com/forums/">Forum</a></li>
			<li><a class="button greenbutton nav-first nav-last" href="//play.pokemonshowdown.com/">Play</a></li>
		</ul></div>
	</header>

	<div class="main" id="main">

		<noscript><section class="section">You need to enable JavaScript to use this page; sorry!</section></noscript>

	</div>

</div>

<script defer nomodule src="//play.pokemonshowdown.com/js/lib/ps-polyfill.js"></script>
<script defer src="//play.pokemonshowdown.com/js/lib/preact.min.js"></script>

<script defer src="//play.pokemonshowdown.com/config/config.js?2bddbc15"></script>
<script defer src="//play.pokemonshowdown.com/js/lib/jquery-1.11.0.min.js"></script>
<script defer src="//play.pokemonshowdown.com/js/lib/html-sanitizer-minified.js"></script>
<script defer src="//play.pokemonshowdown.com/js/battle-sound.js"></script>
<script defer src="//play.pokemonshowdown.com/js/battledata.js?0.7209276989879541"></script>
<script defer src="//play.pokemonshowdown.com/data/pokedex-mini.js?0.6111056340867951"></script>
<script defer src="//play.pokemonshowdown.com/data/pokedex-mini-bw.js?0.3532142036491459"></script>
<script defer src="//play.pokemonshowdown.com/data/graphics.js?0.24223875632456182"></script>
<script defer src="//play.pokemonshowdown.com/data/pokedex.js?0.38839984266356864"></script>
<script defer src="//play.pokemonshowdown.com/data/moves.js?0.21866028504024015"></script>
<script defer src="//play.pokemonshowdown.com/data/abilities.js?0.2005157953846628"></script>
<script defer src="//play.pokemonshowdown.com/data/items.js?0.9894211263848525"></script>
<script defer src="//play.pokemonshowdown.com/data/teambuilder-tables.js?0.6008791140282215"></script>
<script defer src="//play.pokemonshowdown.com/js/battle-tooltips.js?0.7580118955022959"></script>
<script defer src="//play.pokemonshowdown.com/js/battle.js?0.6057722274234274"></script>

<script defer src="js/utils.js?e31f9a17"></script>
<script defer src="js/replays-battle.js?7008c182"></script>

<!-- don't scrape this data! just add .json or .log after the URL!
Full API docs: https://github.com/smogon/pokemon-showdown-client/blob/master/WEB-API.md -->
<script type="text/plain" class="log" id="replaylog-smogtours-gen3ou-803361">
|inactive|Battle timer is ON: inactive players will automatically lose when time's up.
|t:|1730237769
|gametype|singles
|player|p1|HexMoonie|hexmaniac-gen6|
|player|p2|NoBottlecapsBlisy|alder|
|teamsize|p1|6
|teamsize|p2|6
|gen|3
|tier|[Gen 3] OU
|rule|Sleep Clause Mod: Limit one foe put to sleep
|rule|Switch Priority Clause Mod: Faster Pokémon switch first
|rule|Species Clause: Limit one of each Pokémon
|rule|OHKO Clause: OHKO moves are banned
|rule|Evasion Items Clause: Evasion items are banned
|rule|Evasion Moves Clause: Evasion moves are banned
|rule|Endless Battle Clause: Forcing endless battles is banned
|rule|HP Percentage Mod: HP is shown in percentages
|rule|One Boost Passer Clause: Limit one Baton Passer that has a way to boost its stats
|rule|Freeze Clause Mod: Limit one foe frozen
|
|t:|1730237769
|start
|switch|p1a: Skarmory|Skarmory, M|100/100
|switch|p2a: Transistor|Zapdos|100/100
|turn|1
|inactive|HexMoonie has 270 seconds left.
|
|t:|1730237810
|move|p1a: Skarmory|Protect|p1a: Skarmory
|-singleturn|p1a: Skarmory|Protect
|move|p2a: Transistor|Thunderbolt|p1a: Skarmory
|-activate|p1a: Skarmory|Protect
|
|upkeep
|turn|2
|
|t:|1730237821
|move|p2a: Transistor|Toxic|p1a: Skarmory|[miss]
|-miss|p2a: Transistor|p1a: Skarmory
|move|p1a: Skarmory|Spikes|p2a: Transistor
|-sidestart|p2: NoBottlecapsBlisy|Spikes
|
|upkeep
|turn|3
|inactive|HexMoonie has 270 seconds left.
|
|t:|1730237852
|switch|p1a: Swampert|Swampert, F|100/100
|move|p2a: Transistor|Thunderbolt|p1a: Swampert
|-immune|p1a: Swampert
|
|upkeep
|turn|4
|
|t:|1730237859
|switch|p1a: Gengar|Gengar, M|100/100
|move|p2a: Transistor|Toxic|p1a: Gengar
|-immune|p1a: Gengar
|
|upkeep
|turn|5
|
|t:|1730237870
|move|p1a: Gengar|Hypnosis|p2a: Transistor
|-status|p2a: Transistor|slp|[from] move: Hypnosis
|cant|p2a: Transistor|slp
|
|upkeep
|turn|6
|
|t:|1730237877
|move|p1a: Gengar|Ice Punch|p2a: Transistor
|-supereffective|p2a: Transistor
|-damage|p2a: Transistor|48/100 slp
|cant|p2a: Transistor|slp
|
|-heal|p2a: Transistor|55/100 slp|[from] item: Leftovers
|upkeep
|turn|7
|
|t:|1730237882
|switch|p2a: Ice 2 Meet U|Regice, shiny|100/100
|-damage|p2a: Ice 2 Meet U|88/100|[from] Spikes
|move|p1a: Gengar|Ice Punch|p2a: Ice 2 Meet U
|-resisted|p2a: Ice 2 Meet U
|-damage|p2a: Ice 2 Meet U|82/100
|
|-heal|p2a: Ice 2 Meet U|88/100|[from] item: Leftovers
|upkeep
|turn|8
|
|t:|1730237909
|switch|p1a: Swampert|Swampert, F|100/100
|move|p2a: Ice 2 Meet U|Ice Beam|p1a: Swampert
|-damage|p1a: Swampert|54/100
|
|-heal|p2a: Ice 2 Meet U|94/100|[from] item: Leftovers
|upkeep
|turn|9
|
|t:|1730237924
|move|p1a: Swampert|Substitute|p1a: Swampert
|-start|p1a: Swampert|Substitute
|-damage|p1a: Swampert|30/100
|move|p2a: Ice 2 Meet U|Ice Beam|p1a: Swampert
|-end|p1a: Swampert|Substitute
|
|-heal|p2a: Ice 2 Meet U|99/100|[from] item: Leftovers
|upkeep
|turn|10
|
|t:|1730237937
|move|p1a: Swampert|Substitute|p1a: Swampert
|-start|p1a: Swampert|Substitute
|-damage|p1a: Swampert|5/100
|move|p2a: Ice 2 Meet U|Ice Beam|p1a: Swampert
|-end|p1a: Swampert|Substitute
|
|-enditem|p1a: Swampert|Salac Berry|[eat]
|-boost|p1a: Swampert|spe|1|[from] item: Salac Berry
|-heal|p2a: Ice 2 Meet U|100/100|[from] item: Leftovers
|upkeep
|turn|11
|
|t:|1730237945
|move|p1a: Swampert|Endeavor|p2a: Ice 2 Meet U
|-damage|p2a: Ice 2 Meet U|4/100
|move|p2a: Ice 2 Meet U|Ice Beam|p1a: Swampert
|-damage|p1a: Swampert|0 fnt
|faint|p1a: Swampert
|
|t:|1730237962
|switch|p1a: Aerodactyl|Aerodactyl, M|100/100
|
|-heal|p2a: Ice 2 Meet U|10/100|[from] item: Leftovers
|upkeep
|turn|12
|
|t:|1730237977
|move|p1a: Aerodactyl|Double-Edge|p2a: Ice 2 Meet U
|-damage|p2a: Ice 2 Meet U|0 fnt
|faint|p2a: Ice 2 Meet U
|
|t:|1730237982
|switch|p2a: DJ Nessy|Swampert, M|100/100
|-damage|p2a: DJ Nessy|88/100|[from] Spikes
|
|-heal|p2a: DJ Nessy|94/100|[from] item: Leftovers
|upkeep
|turn|13
|
|t:|1730237996
|switch|p1a: Skarmory|Skarmory, M|100/100
|move|p2a: DJ Nessy|Hydro Pump|p1a: Skarmory
|-damage|p1a: Skarmory|55/100
|
|-heal|p2a: DJ Nessy|100/100|[from] item: Leftovers
|-heal|p1a: Skarmory|61/100|[from] item: Leftovers
|upkeep
|turn|14
|
|t:|1730238005
|switch|p2a: CoolLilGuy|Charizard, F|100/100
|move|p1a: Skarmory|Toxic|p2a: CoolLilGuy
|-status|p2a: CoolLilGuy|tox
|
|-damage|p2a: CoolLilGuy|94/100 tox|[from] psn
|-heal|p1a: Skarmory|67/100|[from] item: Leftovers
|upkeep
|turn|15
|
|t:|1730238020
|switch|p1a: Gengar|Gengar, M|100/100
|move|p2a: CoolLilGuy|Fire Blast|p1a: Gengar
|-damage|p1a: Gengar|2/100
|
|-heal|p1a: Gengar|8/100|[from] item: Leftovers
|-heal|p2a: CoolLilGuy|100/100 tox|[from] item: Leftovers
|-damage|p2a: CoolLilGuy|88/100 tox|[from] psn
|upkeep
|turn|16
|
|t:|1730238049
|switch|p2a: DJ Nessy|Swampert, M|100/100
|-damage|p2a: DJ Nessy|88/100|[from] Spikes
|move|p1a: Gengar|Thunderbolt|p2a: DJ Nessy
|-immune|p2a: DJ Nessy
|
|-heal|p1a: Gengar|14/100|[from] item: Leftovers
|-heal|p2a: DJ Nessy|94/100|[from] item: Leftovers
|upkeep
|turn|17
|
|t:|1730238056
|move|p1a: Gengar|Hidden Power|p2a: DJ Nessy
|-supereffective|p2a: DJ Nessy
|-damage|p2a: DJ Nessy|0 fnt
|faint|p2a: DJ Nessy
|
|t:|1730238065
|switch|p2a: Dr. Rock|Tyranitar, M|100/100
|-damage|p2a: Dr. Rock|88/100|[from] Spikes
|-weather|Sandstorm|[from] ability: Sand Stream|[of] p2a: Dr. Rock
|
|-weather|Sandstorm|[upkeep]
|-damage|p1a: Gengar|8/100|[from] Sandstorm
|-heal|p1a: Gengar|14/100|[from] item: Leftovers
|upkeep
|turn|18
|inactive|HexMoonie has 270 seconds left.
|
|t:|1730238098
|move|p1a: Gengar|Hidden Power|p2a: Dr. Rock
|-supereffective|p2a: Dr. Rock
|-damage|p2a: Dr. Rock|40/100
|move|p2a: Dr. Rock|Dragon Dance|p2a: Dr. Rock
|-boost|p2a: Dr. Rock|atk|1
|-boost|p2a: Dr. Rock|spe|1
|
|-weather|Sandstorm|[upkeep]
|-damage|p1a: Gengar|8/100|[from] Sandstorm
|-heal|p1a: Gengar|14/100|[from] item: Leftovers
|upkeep
|turn|19
|
|t:|1730238107
|move|p2a: Dr. Rock|Rock Slide|p1a: Gengar
|-damage|p1a: Gengar|0 fnt
|faint|p1a: Gengar
|
|t:|1730238116
|switch|p1a: Aerodactyl|Aerodactyl, M|100/100
|
|-weather|Sandstorm|[upkeep]
|upkeep
|turn|20
|
|t:|1730238130
|switch|p2a: Transistor|Zapdos|55/100 slp
|move|p1a: Aerodactyl|Rock Slide|p2a: Transistor
|-supereffective|p2a: Transistor
|-damage|p2a: Transistor|0 fnt
|faint|p2a: Transistor
|
|t:|1730238134
|switch|p2a: LRXC|Metagross|100/100
|-damage|p2a: LRXC|88/100|[from] Spikes
|
|-weather|Sandstorm|[upkeep]
|-heal|p2a: LRXC|94/100|[from] item: Leftovers
|upkeep
|turn|21
|
|t:|1730238144
|switch|p1a: Jirachi|Jirachi|100/100
|switch|p2a: CoolLilGuy|Charizard, F|88/100 tox
|
|-weather|Sandstorm|[upkeep]
|-damage|p2a: CoolLilGuy|82/100 tox|[from] Sandstorm
|-heal|p2a: CoolLilGuy|88/100 tox|[from] item: Leftovers
|-damage|p2a: CoolLilGuy|82/100 tox|[from] psn
|upkeep
|turn|22
|inactive|HexMoonie has 270 seconds left.
|
|t:|1730238175
|move|p1a: Jirachi|Calm Mind|p1a: Jirachi
|-boost|p1a: Jirachi|spa|1
|-boost|p1a: Jirachi|spd|1
|move|p2a: CoolLilGuy|Fire Blast|p1a: Jirachi
|-supereffective|p1a: Jirachi
|-damage|p1a: Jirachi|22/100
|
|-weather|Sandstorm|[upkeep]
|-damage|p2a: CoolLilGuy|76/100 tox|[from] Sandstorm
|-heal|p1a: Jirachi|29/100|[from] item: Leftovers
|-heal|p2a: CoolLilGuy|82/100 tox|[from] item: Leftovers
|-damage|p2a: CoolLilGuy|70/100 tox|[from] psn
|upkeep
|turn|23
|inactive|HexMoonie has 270 seconds left.
|
|t:|1730238186
|switch|p2a: Dr. Rock|Tyranitar, M|40/100
|-damage|p2a: Dr. Rock|28/100|[from] Spikes
|move|p1a: Jirachi|Psychic|p2a: Dr. Rock
|-immune|p2a: Dr. Rock
|
|-weather|Sandstorm|[upkeep]
|-heal|p1a: Jirachi|35/100|[from] item: Leftovers
|upkeep
|turn|24
|
|t:|1730238190
|move|p1a: Jirachi|Hidden Power|p2a: Dr. Rock
|-supereffective|p2a: Dr. Rock
|-damage|p2a: Dr. Rock|0 fnt
|faint|p2a: Dr. Rock
|
|t:|1730238192
|switch|p2a: LRXC|Metagross|94/100
|-damage|p2a: LRXC|82/100|[from] Spikes
|
|-weather|Sandstorm|[upkeep]
|-heal|p1a: Jirachi|41/100|[from] item: Leftovers
|-heal|p2a: LRXC|88/100|[from] item: Leftovers
|upkeep
|turn|25
|
|t:|1730238197
|move|p1a: Jirachi|Fire Punch|p2a: LRXC
|-supereffective|p2a: LRXC
|-crit|p2a: LRXC
|-damage|p2a: LRXC|0 fnt
|faint|p2a: LRXC
|c|☆NoBottlecapsBlisy|gg
|-message|NoBottlecapsBlisy forfeited.
|
|win|HexMoonie
|player|p2|
|c|☆HexMoonie|gg
|player|p1|
|player|p1|HexMoonie|hexmaniac-gen6|

</script>
<script type="application/json" class="data" id="replaydata-smogtours-gen3ou-803361">
{"id":"smogtours-gen3ou-803361","format":"[Gen 3] OU","players":["HexMoonie","NoBottlecapsBlisy"],"uploadtime":1730238202,"views":57,"formatid":"gen3ou","rating":null,"private":0,"password":null}
</script>

<script defer src="js/replays.js?9d40a366"></script>
