<!DOCTYPE html>
<meta charset="utf-8" />
<meta name="viewport" content="width=device-width" />

<title>[Gen 3] OU: simonsimonf vs. Figull400 - Replays - Pok&eacute;mon Showdown!</title>

<meta name="description" content="Watch a replay of a Pok&eacute;mon battle between simonsimonf and Figull400! Format: [Gen 3] OU; Date: Oct 10, 2024" />
<!--

Hey, you! Looking in the source for the replay log?

You can find them in JSON format, just add `.json` at the end of a replay URL.

https://replay.pokemonshowdown.com/gen7randomdoublesbattle-865046831.json

Or, if you only need the log itself, add `.log` instead:

https://replay.pokemonshowdown.com/gen7randomdoublesbattle-865046831.log

-->

<link rel="stylesheet" href="//pokemonshowdown.com/style/global.css?0.023195364461161105" />
<link rel="stylesheet" href="//play.pokemonshowdown.com/style/font-awesome.css?0.13261647063804238" />
<link rel="stylesheet" href="//play.pokemonshowdown.com/style/battle.css?0.8753245789963631" />
<link rel="stylesheet" href="//play.pokemonshowdown.com/style/utilichart.css?0.8627959624976733" />

<!-- Global site tag (gtag.js) - Google Analytics -->
<script async src="https://www.googletagmanager.com/gtag/js?id=UA-26211653-1"></script>
<script>
  window.dataLayer = window.dataLayer || [];
  function gtag(){dataLayer.push(arguments);}
  gtag('js', new Date());

  gtag('config', 'UA-26211653-1');
</script>
<!-- End Google Analytics -->
<!-- Venatus Ad Manager - Install in <HEAD> of page -->
	<script src="https://hb.vntsm.com/v3/live/ad-manager.min.js" type="text/javascript" data-site-id="642aba63ec9a7b11c3c9c1be" data-mode="scan" async></script>
<!-- / Venatus Ad Manager -->

<style>
	@media (max-width:820px) {
		.battle {
			margin: 0 auto;
		}
		.battle-log {
			margin: 7px auto 0;
			max-width: 640px;
			height: 300px;
			position: static;
		}
	}
	.optgroup {
		display: inline-block;
		line-height: 22px;
		font-size: 10pt;
	}
	.optgroup .button {
		height: 25px;
		padding-top: 0;
		padding-bottom: 0;
	}
	.optgroup button.button {
		padding-left: 12px;
		padding-right: 12px;
	}
	.linklist {
		list-style: none;
		margin: 0.5em 0;
		padding: 0;
	}
	.linklist li {
		padding: 2px 0;
	}
	.sidebar {
		float: left;
		width: 320px;
	}
	.bar-wrapper {
		max-width: 1100px;
		margin: 0 auto;
	}
	.bar-wrapper.has-sidebar {
		max-width: 1430px;
	}
	.mainbar {
		margin: 0;
		padding-right: 1px;
	}
	.mainbar.has-sidebar {
		margin-left: 330px;
	}
	@media (min-width: 1511px) {
		.sidebar {
			width: 400px;
		}
		.bar-wrapper.has-sidebar {
			max-width: 1510px;
		}
		.mainbar.has-sidebar {
			margin-left: 410px;
		}
	}
	.section.first-section {
		margin-top: 9px;
	}
	.blocklink small {
		white-space: normal;
	}
	.button {
		vertical-align: middle;
	}
	.replay-controls {
		padding-top: 10px;
	}
	.replay-controls h1 {
		font-size: 16pt;
		font-weight: normal;
		color: #CCC;
	}
	.pagelink {
		text-align: center;
	}
	.pagelink a {
		width: 150px;
	}
	.textbox, .button {
		font-size: 11pt;
		vertical-align: middle;
	}
	@media (max-width: 450px) {
		.button {
			font-size: 9pt;
		}
	}
</style>

<div>

	<header>
		<div class="nav-wrapper"><ul class="nav">
			<li><a class="button nav-first" href="//pokemonshowdown.com/"><img src="//pokemonshowdown.com/images/pokemonshowdownbeta.png" srcset="//pokemonshowdown.com/images/pokemonshowdownbeta.png 1x, //pokemonshowdown.com/images/pokemonshowdownbeta@2x.png 2x" alt="Pok&eacute;mon Showdown" width="146" height="44" /> Home</a></li>
			<li><a class="button" href="//pokemonshowdown.com/dex/">Pok&eacute;dex</a></li>
			<li><a class="button cur" href="/">Replays</a></li>
			<li><a class="button" href="//pokemonshowdown.com/ladder/">Ladder</a></li>
			<li><a class="button nav-last" href="//pokemonshowdown.com/forums/">Forum</a></li>
			<li><a class="button greenbutton nav-first nav-last" href="//play.pokemonshowdown.com/">Play</a></li>
		</ul></div>
	</header>

	<div class="main" id="main">

		<noscript><section class="section">You need to enable JavaScript to use this page; sorry!</section></noscript>

	</div>

</div>

<script defer nomodule src="//play.pokemonshowdown.com/js/lib/ps-polyfill.js"></script>
<script defer src="//play.pokemonshowdown.com/js/lib/preact.min.js"></script>

<script defer src="//play.pokemonshowdown.com/config/config.js?2bddbc15"></script>
<script defer src="//play.pokemonshowdown.com/js/lib/jquery-1.11.0.min.js"></script>
<script defer src="//play.pokemonshowdown.com/js/lib/html-sanitizer-minified.js"></script>
<script defer src="//play.pokemonshowdown.com/js/battle-sound.js"></script>
<script defer src="//play.pokemonshowdown.com/js/battledata.js?0.7209276989879541"></script>
<script defer src="//play.pokemonshowdown.com/data/pokedex-mini.js?0.6111056340867951"></script>
<script defer src="//play.pokemonshowdown.com/data/pokedex-mini-bw.js?0.3532142036491459"></script>
<script defer src="//play.pokemonshowdown.com/data/graphics.js?0.24223875632456182"></script>
<script defer src="//play.pokemonshowdown.com/data/pokedex.js?0.38839984266356864"></script>
<script defer src="//play.pokemonshowdown.com/data/moves.js?0.21866028504024015"></script>
<script defer src="//play.pokemonshowdown.com/data/abilities.js?0.2005157953846628"></script>
<script defer src="//play.pokemonshowdown.com/data/items.js?0.9894211263848525"></script>
<script defer src="//play.pokemonshowdown.com/data/teambuilder-tables.js?0.6008791140282215"></script>
<script defer src="//play.pokemonshowdown.com/js/battle-tooltips.js?0.7580118955022959"></script>
<script defer src="//play.pokemonshowdown.com/js/battle.js?0.6057722274234274"></script>

<script defer src="js/utils.js?e31f9a17"></script>
<script defer src="js/replays-battle.js?7008c182"></script>

<!-- don't scrape this data! just add .json or .log after the URL!
Full API docs: https://github.com/smogon/pokemon-showdown-client/blob/master/WEB-API.md -->
<script type="text/plain" class="log" id="replaylog-smogtours-gen3ou-796992">
|inactive|Battle timer is ON: inactive players will automatically lose when time's up.
|t:|1728590478
|gametype|singles
|player|p1|simonsimonf|2|
|player|p2|Figull400|gambler|
|teamsize|p1|6
|teamsize|p2|6
|gen|3
|tier|[Gen 3] OU
|rule|Sleep Clause Mod: Limit one foe put to sleep
|rule|Switch Priority Clause Mod: Faster Pokémon switch first
|rule|Species Clause: Limit one of each Pokémon
|rule|OHKO Clause: OHKO moves are banned
|rule|Evasion Items Clause: Evasion items are banned
|rule|Evasion Moves Clause: Evasion moves are banned
|rule|Endless Battle Clause: Forcing endless battles is banned
|rule|HP Percentage Mod: HP is shown in percentages
|rule|One Boost Passer Clause: Limit one Baton Passer that has a way to boost its stats
|rule|Freeze Clause Mod: Limit one foe frozen
|
|t:|1728590478
|start
|switch|p1a: Metagross|Metagross|100/100
|switch|p2a: Tyranitar|Tyranitar, F|100/100
|-weather|Sandstorm|[from] ability: Sand Stream|[of] p2a: Tyranitar
|turn|1
|c|☆Figull400|hf
|
|t:|1728590506
|switch|p2a: Skarmory|Skarmory, F|100/100
|move|p1a: Metagross|Meteor Mash|p2a: Skarmory
|-resisted|p2a: Skarmory
|-damage|p2a: Skarmory|66/100
|
|-weather|Sandstorm|[upkeep]
|-heal|p2a: Skarmory|72/100|[from] item: Leftovers
|upkeep
|turn|2
|
|t:|1728590514
|switch|p1a: Magneton|Magneton|100/100
|move|p2a: Skarmory|Spikes|p1a: Magneton
|-sidestart|p1: simonsimonf|Spikes
|
|-weather|Sandstorm|[upkeep]
|-heal|p2a: Skarmory|78/100|[from] item: Leftovers
|upkeep
|turn|3
|
|t:|1728590520
|move|p1a: Magneton|Thunderbolt|p2a: Skarmory
|-supereffective|p2a: Skarmory
|-crit|p2a: Skarmory
|-damage|p2a: Skarmory|0 fnt
|faint|p2a: Skarmory
|
|t:|1728590521
|switch|p2a: Salamence|Salamence, M|100/100
|-ability|p2a: Salamence|Intimidate|boost
|-unboost|p1a: Magneton|atk|1
|
|-weather|Sandstorm|[upkeep]
|-damage|p2a: Salamence|94/100|[from] Sandstorm
|-heal|p2a: Salamence|100/100|[from] item: Leftovers
|upkeep
|turn|4
|inactive|simonsimonf has 270 seconds left.
|
|t:|1728590558
|move|p2a: Salamence|Flamethrower|p1a: Magneton
|-supereffective|p1a: Magneton
|-damage|p1a: Magneton|0 fnt
|faint|p1a: Magneton
|inactive|simonsimonf has 240 seconds left.
|
|t:|1728590592
|switch|p1a: Snorlax|Snorlax, M|100/100
|-damage|p1a: Snorlax|88/100|[from] Spikes
|
|-weather|Sandstorm|[upkeep]
|-damage|p2a: Salamence|94/100|[from] Sandstorm
|-damage|p1a: Snorlax|82/100|[from] Sandstorm
|-heal|p2a: Salamence|100/100|[from] item: Leftovers
|-heal|p1a: Snorlax|88/100|[from] item: Leftovers
|upkeep
|turn|5
|inactive|simonsimonf has 240 seconds left.
|
|t:|1728590603
|-singleturn|p1a: Snorlax|move: Focus Punch
|move|p2a: Salamence|Brick Break|p1a: Snorlax
|-supereffective|p1a: Snorlax
|-damage|p1a: Snorlax|53/100
|move|p1a: Snorlax|Focus Punch||[still]
|cant|p1a: Snorlax|Focus Punch|Focus Punch
|
|-weather|Sandstorm|[upkeep]
|-damage|p2a: Salamence|94/100|[from] Sandstorm
|-damage|p1a: Snorlax|46/100|[from] Sandstorm
|-heal|p2a: Salamence|100/100|[from] item: Leftovers
|-heal|p1a: Snorlax|53/100|[from] item: Leftovers
|upkeep
|turn|6
|
|t:|1728590607
|move|p2a: Salamence|Brick Break|p1a: Snorlax
|-supereffective|p1a: Snorlax
|-damage|p1a: Snorlax|18/100
|move|p1a: Snorlax|Self-Destruct|p2a: Salamence
|-damage|p2a: Salamence|0 fnt
|faint|p1a: Snorlax
|faint|p2a: Salamence
|inactive|simonsimonf has 240 seconds left.
|
|t:|1728590636
|switch|p2a: Swampert|Swampert, M|100/100
|switch|p1a: Metagross|Metagross|100/100
|-damage|p1a: Metagross|88/100|[from] Spikes
|
|-weather|Sandstorm|[upkeep]
|upkeep
|turn|7
|inactive|simonsimonf has 240 seconds left.
|
|t:|1728590647
|switch|p1a: Forretress|Forretress, F|100/100
|-damage|p1a: Forretress|88/100|[from] Spikes
|move|p2a: Swampert|Earthquake|p1a: Forretress
|-damage|p1a: Forretress|62/100
|
|-weather|Sandstorm|[upkeep]
|-heal|p1a: Forretress|69/100|[from] item: Leftovers
|upkeep
|turn|8
|
|t:|1728590657
|switch|p2a: Tyranitar|Tyranitar, F|100/100
|move|p1a: Forretress|Rapid Spin|p2a: Tyranitar
|-resisted|p2a: Tyranitar
|-damage|p2a: Tyranitar|99/100
|-sideend|p1: simonsimonf|Spikes|[from] move: Rapid Spin|[of] p1a: Forretress
|
|-weather|Sandstorm|[upkeep]
|-heal|p1a: Forretress|75/100|[from] item: Leftovers
|upkeep
|turn|9
|inactive|simonsimonf has 240 seconds left.
|
|t:|1728590672
|switch|p1a: Swampert|Swampert, F|100/100
|move|p2a: Tyranitar|Fire Blast|p1a: Swampert
|-resisted|p1a: Swampert
|-damage|p1a: Swampert|87/100
|-status|p1a: Swampert|brn
|
|-weather|Sandstorm|[upkeep]
|-heal|p1a: Swampert|93/100 brn|[from] item: Leftovers
|-damage|p1a: Swampert|80/100 brn|[from] brn
|upkeep
|turn|10
|
|t:|1728590685
|switch|p2a: Blissey|Blissey, F|100/100
|switch|p1a: Metagross|Metagross|88/100
|
|-weather|Sandstorm|[upkeep]
|-damage|p2a: Blissey|94/100|[from] Sandstorm
|-heal|p2a: Blissey|100/100|[from] item: Leftovers
|upkeep
|turn|11
|
|t:|1728590691
|switch|p2a: Swampert|Swampert, M|100/100
|move|p1a: Metagross|Meteor Mash|p2a: Swampert
|-resisted|p2a: Swampert
|-damage|p2a: Swampert|67/100
|
|-weather|Sandstorm|[upkeep]
|-heal|p2a: Swampert|73/100|[from] item: Leftovers
|upkeep
|turn|12
|inactive|simonsimonf has 240 seconds left.
|inactive|simonsimonf has 210 seconds left.
|
|t:|1728590764
|switch|p1a: Forretress|Forretress, F|75/100
|move|p2a: Swampert|Earthquake|p1a: Forretress
|-damage|p1a: Forretress|47/100
|
|-weather|Sandstorm|[upkeep]
|-heal|p2a: Swampert|79/100|[from] item: Leftovers
|-heal|p1a: Forretress|53/100|[from] item: Leftovers
|upkeep
|turn|13
|
|t:|1728590770
|switch|p2a: Tyranitar|Tyranitar, F|99/100
|move|p1a: Forretress|Spikes|p2a: Tyranitar
|-sidestart|p2: Figull400|Spikes
|
|-weather|Sandstorm|[upkeep]
|-heal|p1a: Forretress|59/100|[from] item: Leftovers
|upkeep
|turn|14
|inactive|simonsimonf has 180 seconds left.
|inactive|simonsimonf has 150 seconds left.
|
|t:|1728590839
|switch|p1a: Swampert|Swampert, F|80/100 brn
|move|p2a: Tyranitar|Fire Blast|p1a: Swampert
|-resisted|p1a: Swampert
|-damage|p1a: Swampert|67/100 brn
|
|-weather|Sandstorm|[upkeep]
|-heal|p1a: Swampert|73/100 brn|[from] item: Leftovers
|-damage|p1a: Swampert|61/100 brn|[from] brn
|upkeep
|turn|15
|
|t:|1728590844
|move|p2a: Tyranitar|Hidden Power|p1a: Swampert
|-supereffective|p1a: Swampert
|-damage|p1a: Swampert|0 fnt
|faint|p1a: Swampert
|
|t:|1728590846
|switch|p1a: Metagross|Metagross|88/100
|
|-weather|Sandstorm|[upkeep]
|upkeep
|turn|16
|
|t:|1728590851
|move|p2a: Tyranitar|Fire Blast|p1a: Metagross
|-supereffective|p1a: Metagross
|-damage|p1a: Metagross|11/100
|move|p1a: Metagross|Meteor Mash|p2a: Tyranitar
|-supereffective|p2a: Tyranitar
|-damage|p2a: Tyranitar|0 fnt
|faint|p2a: Tyranitar
|
|t:|1728590858
|switch|p2a: Aerodactyl|Aerodactyl, F|100/100
|
|-weather|Sandstorm|[upkeep]
|upkeep
|turn|17
|
|t:|1728590865
|switch|p1a: Forretress|Forretress, F|59/100
|move|p2a: Aerodactyl|Rock Slide|p1a: Forretress
|-damage|p1a: Forretress|26/100
|
|-weather|Sandstorm|[upkeep]
|-heal|p1a: Forretress|32/100|[from] item: Leftovers
|upkeep
|turn|18
|inactive|simonsimonf has 180 seconds left.
|
|t:|1728590880
|move|p2a: Aerodactyl|Rock Slide|p1a: Forretress
|-damage|p1a: Forretress|0 fnt
|faint|p1a: Forretress
|
|t:|1728590902
|switch|p1a: Heracross|Heracross, F|100/100
|
|-weather|Sandstorm|[upkeep]
|-damage|p1a: Heracross|94/100|[from] Sandstorm
|upkeep
|turn|19
|inactive|Figull400 has 270 seconds left.
|
|t:|1728590934
|switch|p2a: Blissey|Blissey, F|100/100
|-damage|p2a: Blissey|88/100|[from] Spikes
|move|p1a: Heracross|Swords Dance|p1a: Heracross
|-boost|p1a: Heracross|atk|2
|
|-weather|Sandstorm|[upkeep]
|-damage|p1a: Heracross|88/100|[from] Sandstorm
|-damage|p2a: Blissey|82/100|[from] Sandstorm
|-heal|p2a: Blissey|88/100|[from] item: Leftovers
|upkeep
|turn|20
|
|t:|1728590946
|move|p1a: Heracross|Substitute|p1a: Heracross
|-start|p1a: Heracross|Substitute
|-damage|p1a: Heracross|63/100
|move|p2a: Blissey|Thunderbolt|p1a: Heracross
|-end|p1a: Heracross|Substitute
|
|-weather|Sandstorm|[upkeep]
|-damage|p1a: Heracross|57/100|[from] Sandstorm
|-damage|p2a: Blissey|82/100|[from] Sandstorm
|-heal|p2a: Blissey|88/100|[from] item: Leftovers
|upkeep
|turn|21
|
|t:|1728590953
|move|p1a: Heracross|Substitute|p1a: Heracross
|-start|p1a: Heracross|Substitute
|-damage|p1a: Heracross|32/100
|move|p2a: Blissey|Thunderbolt|p1a: Heracross
|-crit|p1a: Heracross
|-end|p1a: Heracross|Substitute
|
|-weather|Sandstorm|[upkeep]
|-damage|p1a: Heracross|26/100|[from] Sandstorm
|-damage|p2a: Blissey|82/100|[from] Sandstorm
|-heal|p2a: Blissey|88/100|[from] item: Leftovers
|upkeep
|turn|22
|
|t:|1728590964
|move|p1a: Heracross|Megahorn|p2a: Blissey
|-damage|p2a: Blissey|0 fnt
|faint|p2a: Blissey
|
|t:|1728590966
|switch|p2a: Aerodactyl|Aerodactyl, F|100/100
|
|-weather|Sandstorm|[upkeep]
|-damage|p1a: Heracross|20/100|[from] Sandstorm
|-enditem|p1a: Heracross|Salac Berry|[eat]
|-boost|p1a: Heracross|spe|1|[from] item: Salac Berry
|upkeep
|turn|23
|inactive|simonsimonf has 180 seconds left.
|
|t:|1728590973
|move|p1a: Heracross|Rock Slide|p2a: Aerodactyl
|-supereffective|p2a: Aerodactyl
|-damage|p2a: Aerodactyl|0 fnt
|faint|p2a: Aerodactyl
|
|t:|1728590976
|switch|p2a: Swampert|Swampert, M|79/100
|-damage|p2a: Swampert|67/100|[from] Spikes
|
|-weather|Sandstorm|[upkeep]
|-damage|p1a: Heracross|15/100|[from] Sandstorm
|-heal|p2a: Swampert|73/100|[from] item: Leftovers
|upkeep
|turn|24
|
|t:|1728590981
|move|p1a: Heracross|Megahorn|p2a: Swampert
|-damage|p2a: Swampert|0 fnt
|faint|p2a: Swampert
|
|win|simonsimonf
|c|☆Figull400|gg

</script>
<script type="application/json" class="data" id="replaydata-smogtours-gen3ou-796992">
{"id":"smogtours-gen3ou-796992","format":"[Gen 3] OU","players":["simonsimonf","Figull400"],"uploadtime":1728590981,"views":106,"formatid":"gen3ou","rating":null,"private":0,"password":null}
</script>

<script defer src="js/replays.js?9d40a366"></script>
