<!DOCTYPE html>
<meta charset="utf-8" />
<meta name="viewport" content="width=device-width" />

<title>[Gen 3] OU: blundergoth vs. zoyotte - Replays - Pok&eacute;mon Showdown!</title>

<meta name="description" content="Watch a replay of a Pok&eacute;mon battle between blundergoth and zoyotte! Format: [Gen 3] OU; Date: Oct 15, 2024" />
<!--

Hey, you! Looking in the source for the replay log?

You can find them in JSON format, just add `.json` at the end of a replay URL.

https://replay.pokemonshowdown.com/gen7randomdoublesbattle-865046831.json

Or, if you only need the log itself, add `.log` instead:

https://replay.pokemonshowdown.com/gen7randomdoublesbattle-865046831.log

-->

<link rel="stylesheet" href="//pokemonshowdown.com/style/global.css?0.767286132409787" />
<link rel="stylesheet" href="//play.pokemonshowdown.com/style/font-awesome.css?0.9266228007934947" />
<link rel="stylesheet" href="//play.pokemonshowdown.com/style/battle.css?0.7924700842790926" />
<link rel="stylesheet" href="//play.pokemonshowdown.com/style/utilichart.css?0.8777417872839479" />

<!-- Global site tag (gtag.js) - Google Analytics -->
<script async src="https://www.googletagmanager.com/gtag/js?id=UA-26211653-1"></script>
<script>
  window.dataLayer = window.dataLayer || [];
  function gtag(){dataLayer.push(arguments);}
  gtag('js', new Date());

  gtag('config', 'UA-26211653-1');
</script>
<!-- End Google Analytics -->
<!-- Venatus Ad Manager - Install in <HEAD> of page -->
	<script src="https://hb.vntsm.com/v3/live/ad-manager.min.js" type="text/javascript" data-site-id="642aba63ec9a7b11c3c9c1be" data-mode="scan" async></script>
<!-- / Venatus Ad Manager -->

<style>
	@media (max-width:820px) {
		.battle {
			margin: 0 auto;
		}
		.battle-log {
			margin: 7px auto 0;
			max-width: 640px;
			height: 300px;
			position: static;
		}
	}
	.optgroup {
		display: inline-block;
		line-height: 22px;
		font-size: 10pt;
	}
	.optgroup .button {
		height: 25px;
		padding-top: 0;
		padding-bottom: 0;
	}
	.optgroup button.button {
		padding-left: 12px;
		padding-right: 12px;
	}
	.linklist {
		list-style: none;
		margin: 0.5em 0;
		padding: 0;
	}
	.linklist li {
		padding: 2px 0;
	}
	.sidebar {
		float: left;
		width: 320px;
	}
	.bar-wrapper {
		max-width: 1100px;
		margin: 0 auto;
	}
	.bar-wrapper.has-sidebar {
		max-width: 1430px;
	}
	.mainbar {
		margin: 0;
		padding-right: 1px;
	}
	.mainbar.has-sidebar {
		margin-left: 330px;
	}
	@media (min-width: 1511px) {
		.sidebar {
			width: 400px;
		}
		.bar-wrapper.has-sidebar {
			max-width: 1510px;
		}
		.mainbar.has-sidebar {
			margin-left: 410px;
		}
	}
	.section.first-section {
		margin-top: 9px;
	}
	.blocklink small {
		white-space: normal;
	}
	.button {
		vertical-align: middle;
	}
	.replay-controls {
		padding-top: 10px;
	}
	.replay-controls h1 {
		font-size: 16pt;
		font-weight: normal;
		color: #CCC;
	}
	.pagelink {
		text-align: center;
	}
	.pagelink a {
		width: 150px;
	}
	.textbox, .button {
		font-size: 11pt;
		vertical-align: middle;
	}
	@media (max-width: 450px) {
		.button {
			font-size: 9pt;
		}
	}
</style>

<div>

	<header>
		<div class="nav-wrapper"><ul class="nav">
			<li><a class="button nav-first" href="//pokemonshowdown.com/"><img src="//pokemonshowdown.com/images/pokemonshowdownbeta.png" srcset="//pokemonshowdown.com/images/pokemonshowdownbeta.png 1x, //pokemonshowdown.com/images/pokemonshowdownbeta@2x.png 2x" alt="Pok&eacute;mon Showdown" width="146" height="44" /> Home</a></li>
			<li><a class="button" href="//pokemonshowdown.com/dex/">Pok&eacute;dex</a></li>
			<li><a class="button cur" href="/">Replays</a></li>
			<li><a class="button" href="//pokemonshowdown.com/ladder/">Ladder</a></li>
			<li><a class="button nav-last" href="//pokemonshowdown.com/forums/">Forum</a></li>
			<li><a class="button greenbutton nav-first nav-last" href="//play.pokemonshowdown.com/">Play</a></li>
		</ul></div>
	</header>

	<div class="main" id="main">

		<noscript><section class="section">You need to enable JavaScript to use this page; sorry!</section></noscript>

	</div>

</div>

<script defer nomodule src="//play.pokemonshowdown.com/js/lib/ps-polyfill.js"></script>
<script defer src="//play.pokemonshowdown.com/js/lib/preact.min.js"></script>

<script defer src="//play.pokemonshowdown.com/config/config.js?6dec07f6"></script>
<script defer src="//play.pokemonshowdown.com/js/lib/jquery-1.11.0.min.js"></script>
<script defer src="//play.pokemonshowdown.com/js/lib/html-sanitizer-minified.js"></script>
<script defer src="//play.pokemonshowdown.com/js/battle-sound.js"></script>
<script defer src="//play.pokemonshowdown.com/js/battledata.js?0.6315294753075389"></script>
<script defer src="//play.pokemonshowdown.com/data/pokedex-mini.js?0.7603743185311358"></script>
<script defer src="//play.pokemonshowdown.com/data/pokedex-mini-bw.js?0.030888842834281283"></script>
<script defer src="//play.pokemonshowdown.com/data/graphics.js?0.05593094747507488"></script>
<script defer src="//play.pokemonshowdown.com/data/pokedex.js?0.47064822249611904"></script>
<script defer src="//play.pokemonshowdown.com/data/moves.js?0.8583693120512459"></script>
<script defer src="//play.pokemonshowdown.com/data/abilities.js?0.16017181182386842"></script>
<script defer src="//play.pokemonshowdown.com/data/items.js?0.4163379185673943"></script>
<script defer src="//play.pokemonshowdown.com/data/teambuilder-tables.js?0.31075597372830477"></script>
<script defer src="//play.pokemonshowdown.com/js/battle-tooltips.js?0.6536193500708172"></script>
<script defer src="//play.pokemonshowdown.com/js/battle.js?0.1916591943277901"></script>

<script defer src="js/utils.js?e31f9a17"></script>
<script defer src="js/replays-battle.js?7008c182"></script>

<!-- don't scrape this data! just add .json or .log after the URL!
Full API docs: https://github.com/smogon/pokemon-showdown-client/blob/master/WEB-API.md -->
<script type="text/plain" class="log" id="replaylog-smogtours-gen3ou-798937">
|inactive|Battle timer is ON: inactive players will automatically lose when time's up.
|t:|1729015924
|gametype|singles
|player|p1|blundergoth|1|
|player|p2|zoyotte|#wcop2024africa|
|teamsize|p1|6
|teamsize|p2|6
|gen|3
|tier|[Gen 3] OU
|rule|Sleep Clause Mod: Limit one foe put to sleep
|rule|Switch Priority Clause Mod: Faster Pokémon switch first
|rule|Species Clause: Limit one of each Pokémon
|rule|OHKO Clause: OHKO moves are banned
|rule|Evasion Items Clause: Evasion items are banned
|rule|Evasion Moves Clause: Evasion moves are banned
|rule|Endless Battle Clause: Forcing endless battles is banned
|rule|HP Percentage Mod: HP is shown in percentages
|rule|One Boost Passer Clause: Limit one Baton Passer that has a way to boost its stats
|rule|Freeze Clause Mod: Limit one foe frozen
|
|t:|1729015924
|start
|switch|p1a: Aerodactyl|Aerodactyl, M|100/100
|switch|p2a: Heracross|Heracross, M|100/100
|turn|1
|inactive|blundergoth has 270 seconds left.
|
|t:|1729015969
|switch|p2a: Metagross|Metagross|100/100
|move|p1a: Aerodactyl|Rock Slide|p2a: Metagross
|-resisted|p2a: Metagross
|-damage|p2a: Metagross|81/100
|
|-heal|p2a: Metagross|87/100|[from] item: Leftovers
|upkeep
|turn|2
|
|t:|1729015987
|switch|p1a: skamowy|Skarmory, M|100/100
|move|p2a: Metagross|Meteor Mash|p1a: skamowy
|-resisted|p1a: skamowy
|-damage|p1a: skamowy|77/100
|
|-heal|p2a: Metagross|93/100|[from] item: Leftovers
|-heal|p1a: skamowy|83/100|[from] item: Leftovers
|upkeep
|turn|3
|
|t:|1729015993
|switch|p2a: Magneton|Magneton|100/100
|switch|p1a: INFLUENCE.|Claydol|100/100
|
|upkeep
|turn|4
|
|t:|1729016019
|switch|p2a: Heracross|Heracross, M|100/100
|move|p1a: INFLUENCE.|Earthquake|p2a: Heracross
|-resisted|p2a: Heracross
|-damage|p2a: Heracross|75/100
|
|upkeep
|turn|5
|inactive|blundergoth has 270 seconds left.
|
|t:|1729016051
|-singleturn|p2a: Heracross|move: Focus Punch
|switch|p1a: Salutations!|Registeel|100/100
|move|p2a: Heracross|Focus Punch|p1a: Salutations!
|-supereffective|p1a: Salutations!
|-damage|p1a: Salutations!|0 fnt
|faint|p1a: Salutations!
|c|☆blundergoth|np
|
|t:|1729016061
|switch|p1a: Aerodactyl|Aerodactyl, M|100/100
|
|upkeep
|turn|6
|
|t:|1729016087
|switch|p2a: Porygon2|Porygon2|100/100
|-ability|p2a: Porygon2|Rock Head|[from] ability: Trace|[of] p1a: Aerodactyl
|move|p1a: Aerodactyl|Rock Slide|p2a: Porygon2
|-damage|p2a: Porygon2|63/100
|
|-heal|p2a: Porygon2|69/100|[from] item: Leftovers
|upkeep
|turn|7
|
|t:|1729016093
|switch|p1a: Sand Ye|Sableye, M|100/100
|move|p2a: Porygon2|Ice Beam|p1a: Sand Ye
|-damage|p1a: Sand Ye|62/100
|
|-heal|p2a: Porygon2|75/100|[from] item: Leftovers
|-heal|p1a: Sand Ye|69/100|[from] item: Leftovers
|upkeep
|turn|8
|
|t:|1729016103
|switch|p2a: Magneton|Magneton|100/100
|move|p1a: Sand Ye|Knock Off|p2a: Magneton
|-resisted|p2a: Magneton
|-crit|p2a: Magneton
|-damage|p2a: Magneton|91/100
|-enditem|p2a: Magneton|Magnet|[from] move: Knock Off|[of] p1a: Sand Ye
|-hint|In Gens 3-4, Knock Off only makes the target's item unusable; it cannot obtain a new item.
|
|-heal|p1a: Sand Ye|75/100|[from] item: Leftovers
|upkeep
|turn|9
|
|t:|1729016109
|switch|p1a: INFLUENCE.|Claydol|100/100
|move|p2a: Magneton|Toxic|p1a: INFLUENCE.
|-status|p1a: INFLUENCE.|tox
|
|-damage|p1a: INFLUENCE.|94/100 tox|[from] psn
|upkeep
|turn|10
|
|t:|1729016121
|switch|p2a: Celebi|Celebi|100/100
|move|p1a: INFLUENCE.|Explosion|p2a: Celebi
|-crit|p2a: Celebi
|-damage|p2a: Celebi|0 fnt
|faint|p1a: INFLUENCE.
|faint|p2a: Celebi
|c|☆zoyotte|a
|
|t:|1729016134
|switch|p2a: Metagross|Metagross|93/100
|switch|p1a: Aerodactyl|Aerodactyl, M|100/100
|
|-heal|p2a: Metagross|99/100|[from] item: Leftovers
|upkeep
|turn|11
|inactive|blundergoth has 270 seconds left.
|
|t:|1729016153
|move|p1a: Aerodactyl|Earthquake|p2a: Metagross
|-supereffective|p2a: Metagross
|-damage|p2a: Metagross|33/100
|move|p2a: Metagross|Meteor Mash|p1a: Aerodactyl
|-supereffective|p1a: Aerodactyl
|-damage|p1a: Aerodactyl|0 fnt
|faint|p1a: Aerodactyl
|
|t:|1729016156
|switch|p1a: skamowy|Skarmory, M|83/100
|
|-heal|p2a: Metagross|39/100|[from] item: Leftovers
|-heal|p1a: skamowy|89/100|[from] item: Leftovers
|upkeep
|turn|12
|-message|blundergoth forfeited.
|
|win|zoyotte
|c|☆blundergoth|in too much of a rush rn
|c|☆blundergoth|game 3
|c|☆zoyotte|take your time
|c|☆blundergoth|i cant
|c|☆blundergoth|game 3
|player|p1|

</script>
<script type="application/json" class="data" id="replaydata-smogtours-gen3ou-798937">
{"id":"smogtours-gen3ou-798937","format":"[Gen 3] OU","players":["blundergoth","zoyotte"],"uploadtime":1729016180,"views":83,"formatid":"gen3ou","rating":null,"private":0,"password":null}
</script>

<script defer src="js/replays.js?9d40a366"></script>
