<!DOCTYPE html>
<meta charset="utf-8" />
<meta name="viewport" content="width=device-width" />

<title>[Gen 3] OU: deathbydunsparce vs. KTheMathematician - Replays - Pok&eacute;mon Showdown!</title>

<meta name="description" content="Watch a replay of a Pok&eacute;mon battle between deathbydunsparce and KTheMathematician! Format: [Gen 3] OU; Date: Oct 8, 2024" />
<!--

Hey, you! Looking in the source for the replay log?

You can find them in JSON format, just add `.json` at the end of a replay URL.

https://replay.pokemonshowdown.com/gen7randomdoublesbattle-865046831.json

Or, if you only need the log itself, add `.log` instead:

https://replay.pokemonshowdown.com/gen7randomdoublesbattle-865046831.log

-->

<link rel="stylesheet" href="//pokemonshowdown.com/style/global.css?0.023195364461161105" />
<link rel="stylesheet" href="//play.pokemonshowdown.com/style/font-awesome.css?0.13261647063804238" />
<link rel="stylesheet" href="//play.pokemonshowdown.com/style/battle.css?0.8753245789963631" />
<link rel="stylesheet" href="//play.pokemonshowdown.com/style/utilichart.css?0.8627959624976733" />

<!-- Global site tag (gtag.js) - Google Analytics -->
<script async src="https://www.googletagmanager.com/gtag/js?id=UA-26211653-1"></script>
<script>
  window.dataLayer = window.dataLayer || [];
  function gtag(){dataLayer.push(arguments);}
  gtag('js', new Date());

  gtag('config', 'UA-26211653-1');
</script>
<!-- End Google Analytics -->
<!-- Venatus Ad Manager - Install in <HEAD> of page -->
	<script src="https://hb.vntsm.com/v3/live/ad-manager.min.js" type="text/javascript" data-site-id="642aba63ec9a7b11c3c9c1be" data-mode="scan" async></script>
<!-- / Venatus Ad Manager -->

<style>
	@media (max-width:820px) {
		.battle {
			margin: 0 auto;
		}
		.battle-log {
			margin: 7px auto 0;
			max-width: 640px;
			height: 300px;
			position: static;
		}
	}
	.optgroup {
		display: inline-block;
		line-height: 22px;
		font-size: 10pt;
	}
	.optgroup .button {
		height: 25px;
		padding-top: 0;
		padding-bottom: 0;
	}
	.optgroup button.button {
		padding-left: 12px;
		padding-right: 12px;
	}
	.linklist {
		list-style: none;
		margin: 0.5em 0;
		padding: 0;
	}
	.linklist li {
		padding: 2px 0;
	}
	.sidebar {
		float: left;
		width: 320px;
	}
	.bar-wrapper {
		max-width: 1100px;
		margin: 0 auto;
	}
	.bar-wrapper.has-sidebar {
		max-width: 1430px;
	}
	.mainbar {
		margin: 0;
		padding-right: 1px;
	}
	.mainbar.has-sidebar {
		margin-left: 330px;
	}
	@media (min-width: 1511px) {
		.sidebar {
			width: 400px;
		}
		.bar-wrapper.has-sidebar {
			max-width: 1510px;
		}
		.mainbar.has-sidebar {
			margin-left: 410px;
		}
	}
	.section.first-section {
		margin-top: 9px;
	}
	.blocklink small {
		white-space: normal;
	}
	.button {
		vertical-align: middle;
	}
	.replay-controls {
		padding-top: 10px;
	}
	.replay-controls h1 {
		font-size: 16pt;
		font-weight: normal;
		color: #CCC;
	}
	.pagelink {
		text-align: center;
	}
	.pagelink a {
		width: 150px;
	}
	.textbox, .button {
		font-size: 11pt;
		vertical-align: middle;
	}
	@media (max-width: 450px) {
		.button {
			font-size: 9pt;
		}
	}
</style>

<div>

	<header>
		<div class="nav-wrapper"><ul class="nav">
			<li><a class="button nav-first" href="//pokemonshowdown.com/"><img src="//pokemonshowdown.com/images/pokemonshowdownbeta.png" srcset="//pokemonshowdown.com/images/pokemonshowdownbeta.png 1x, //pokemonshowdown.com/images/pokemonshowdownbeta@2x.png 2x" alt="Pok&eacute;mon Showdown" width="146" height="44" /> Home</a></li>
			<li><a class="button" href="//pokemonshowdown.com/dex/">Pok&eacute;dex</a></li>
			<li><a class="button cur" href="/">Replays</a></li>
			<li><a class="button" href="//pokemonshowdown.com/ladder/">Ladder</a></li>
			<li><a class="button nav-last" href="//pokemonshowdown.com/forums/">Forum</a></li>
			<li><a class="button greenbutton nav-first nav-last" href="//play.pokemonshowdown.com/">Play</a></li>
		</ul></div>
	</header>

	<div class="main" id="main">

		<noscript><section class="section">You need to enable JavaScript to use this page; sorry!</section></noscript>

	</div>

</div>

<script defer nomodule src="//play.pokemonshowdown.com/js/lib/ps-polyfill.js"></script>
<script defer src="//play.pokemonshowdown.com/js/lib/preact.min.js"></script>

<script defer src="//play.pokemonshowdown.com/config/config.js?2bddbc15"></script>
<script defer src="//play.pokemonshowdown.com/js/lib/jquery-1.11.0.min.js"></script>
<script defer src="//play.pokemonshowdown.com/js/lib/html-sanitizer-minified.js"></script>
<script defer src="//play.pokemonshowdown.com/js/battle-sound.js"></script>
<script defer src="//play.pokemonshowdown.com/js/battledata.js?0.7209276989879541"></script>
<script defer src="//play.pokemonshowdown.com/data/pokedex-mini.js?0.6111056340867951"></script>
<script defer src="//play.pokemonshowdown.com/data/pokedex-mini-bw.js?0.3532142036491459"></script>
<script defer src="//play.pokemonshowdown.com/data/graphics.js?0.24223875632456182"></script>
<script defer src="//play.pokemonshowdown.com/data/pokedex.js?0.38839984266356864"></script>
<script defer src="//play.pokemonshowdown.com/data/moves.js?0.21866028504024015"></script>
<script defer src="//play.pokemonshowdown.com/data/abilities.js?0.2005157953846628"></script>
<script defer src="//play.pokemonshowdown.com/data/items.js?0.9894211263848525"></script>
<script defer src="//play.pokemonshowdown.com/data/teambuilder-tables.js?0.6008791140282215"></script>
<script defer src="//play.pokemonshowdown.com/js/battle-tooltips.js?0.7580118955022959"></script>
<script defer src="//play.pokemonshowdown.com/js/battle.js?0.6057722274234274"></script>

<script defer src="js/utils.js?e31f9a17"></script>
<script defer src="js/replays-battle.js?7008c182"></script>

<!-- don't scrape this data! just add .json or .log after the URL!
Full API docs: https://github.com/smogon/pokemon-showdown-client/blob/master/WEB-API.md -->
<script type="text/plain" class="log" id="replaylog-smogtours-gen3ou-796425">
|inactive|Battle timer is ON: inactive players will automatically lose when time's up.
|t:|1728410805
|gametype|singles
|player|p1|deathbydunsparce|bellelba|
|player|p2|KTheMathematician|266|
|teamsize|p1|6
|teamsize|p2|6
|gen|3
|tier|[Gen 3] OU
|rule|Sleep Clause Mod: Limit one foe put to sleep
|rule|Switch Priority Clause Mod: Faster Pokémon switch first
|rule|Species Clause: Limit one of each Pokémon
|rule|OHKO Clause: OHKO moves are banned
|rule|Evasion Items Clause: Evasion items are banned
|rule|Evasion Moves Clause: Evasion moves are banned
|rule|Endless Battle Clause: Forcing endless battles is banned
|rule|HP Percentage Mod: HP is shown in percentages
|rule|One Boost Passer Clause: Limit one Baton Passer that has a way to boost its stats
|rule|Freeze Clause Mod: Limit one foe frozen
|
|t:|1728410805
|start
|switch|p1a: Skarmory|Skarmory, M|100/100
|switch|p2a: Medicham|Medicham, F|100/100
|turn|1
|c|☆deathbydunsparce|Glhf
|c|☆KTheMathematician|hf
|inactive|KTheMathematician has 270 seconds left.
|
|t:|1728410851
|-singleturn|p2a: Medicham|move: Focus Punch
|move|p1a: Skarmory|Protect|p1a: Skarmory
|-singleturn|p1a: Skarmory|Protect
|move|p2a: Medicham|Focus Punch|p1a: Skarmory
|-activate|p1a: Skarmory|Protect
|
|upkeep
|turn|2
|
|t:|1728410859
|-singleturn|p2a: Medicham|move: Focus Punch
|move|p1a: Skarmory|Spikes|p2a: Medicham
|-sidestart|p2: KTheMathematician|Spikes
|move|p2a: Medicham|Focus Punch|p1a: Skarmory
|-damage|p1a: Skarmory|25/100
|
|-heal|p1a: Skarmory|31/100|[from] item: Leftovers
|upkeep
|turn|3
|
|t:|1728410862
|move|p1a: Skarmory|Protect|p1a: Skarmory
|-singleturn|p1a: Skarmory|Protect
|move|p2a: Medicham|Substitute|p2a: Medicham
|-start|p2a: Medicham|Substitute
|-damage|p2a: Medicham|76/100
|
|-heal|p2a: Medicham|82/100|[from] item: Leftovers
|-heal|p1a: Skarmory|37/100|[from] item: Leftovers
|upkeep
|turn|4
|
|t:|1728410865
|-singleturn|p2a: Medicham|move: Focus Punch
|move|p2a: Medicham|Focus Punch|p1a: Skarmory
|-damage|p1a: Skarmory|0 fnt
|faint|p1a: Skarmory
|
|t:|1728410872
|switch|p1a: Gengar|Gengar, M|100/100
|
|-heal|p2a: Medicham|88/100|[from] item: Leftovers
|upkeep
|turn|5
|
|t:|1728410879
|move|p1a: Gengar|Thunderbolt|p2a: Medicham
|-end|p2a: Medicham|Substitute
|move|p2a: Medicham|Shadow Ball|p1a: Gengar
|-supereffective|p1a: Gengar
|-damage|p1a: Gengar|0 fnt
|faint|p1a: Gengar
|
|t:|1728410890
|switch|p1a: Aerodactyl|Aerodactyl, M|100/100
|
|-heal|p2a: Medicham|94/100|[from] item: Leftovers
|upkeep
|turn|6
|
|t:|1728410902
|switch|p2a: Skarmory|Skarmory, F|100/100
|move|p1a: Aerodactyl|Double-Edge|p2a: Skarmory
|-resisted|p2a: Skarmory
|-damage|p2a: Skarmory|82/100
|
|-heal|p2a: Skarmory|88/100|[from] item: Leftovers
|upkeep
|turn|7
|
|t:|1728410906
|switch|p1a: Jolteon|Jolteon, F|100/100
|move|p2a: Skarmory|Spikes|p1a: Jolteon
|-sidestart|p1: deathbydunsparce|Spikes
|
|-heal|p2a: Skarmory|94/100|[from] item: Leftovers
|upkeep
|turn|8
|
|t:|1728410914
|move|p2a: Skarmory|Protect|p2a: Skarmory
|-singleturn|p2a: Skarmory|Protect
|move|p1a: Jolteon|Thunder Wave|p2a: Skarmory
|-activate|p2a: Skarmory|Protect
|
|-heal|p2a: Skarmory|99/100|[from] item: Leftovers
|upkeep
|turn|9
|
|t:|1728410921
|switch|p2a: Regice|Regice|100/100
|-damage|p2a: Regice|88/100|[from] Spikes
|move|p1a: Jolteon|Thunder Wave|p2a: Regice
|-status|p2a: Regice|par
|
|-heal|p2a: Regice|94/100 par|[from] item: Leftovers
|upkeep
|turn|10
|
|t:|1728410926
|move|p1a: Jolteon|Thunderbolt|p2a: Regice
|-damage|p2a: Regice|72/100 par
|move|p2a: Regice|Thunder Wave|p1a: Jolteon
|-status|p1a: Jolteon|par
|
|-heal|p2a: Regice|78/100 par|[from] item: Leftovers
|upkeep
|turn|11
|
|t:|1728410936
|cant|p2a: Regice|par
|move|p1a: Jolteon|Roar|p2a: Regice
|drag|p2a: Skarmory|Skarmory, F|99/100
|
|-heal|p2a: Skarmory|100/100|[from] item: Leftovers
|upkeep
|turn|12
|
|t:|1728410943
|switch|p2a: Regice|Regice|78/100 par
|-damage|p2a: Regice|66/100 par|[from] Spikes
|move|p1a: Jolteon|Thunderbolt|p2a: Regice
|-damage|p2a: Regice|46/100 par
|
|-heal|p2a: Regice|52/100 par|[from] item: Leftovers
|upkeep
|turn|13
|
|t:|1728410949
|move|p1a: Jolteon|Thunderbolt|p2a: Regice
|-damage|p2a: Regice|32/100 par
|cant|p2a: Regice|par
|
|-heal|p2a: Regice|39/100 par|[from] item: Leftovers
|upkeep
|turn|14
|
|t:|1728410953
|move|p1a: Jolteon|Thunderbolt|p2a: Regice
|-damage|p2a: Regice|18/100 par
|move|p2a: Regice|Explosion|p1a: Jolteon
|-damage|p1a: Jolteon|0 fnt
|faint|p2a: Regice
|faint|p1a: Jolteon
|
|t:|1728410963
|switch|p1a: Swampert|Swampert, F|100/100
|switch|p2a: Skarmory|Skarmory, F|100/100
|-damage|p1a: Swampert|88/100|[from] Spikes
|
|-heal|p1a: Swampert|94/100|[from] item: Leftovers
|upkeep
|turn|15
|
|t:|1728410969
|move|p1a: Swampert|Hydro Pump|p2a: Skarmory
|-damage|p2a: Skarmory|51/100
|move|p2a: Skarmory|Roar|p1a: Swampert
|drag|p1a: Aerodactyl|Aerodactyl, M|100/100
|
|-heal|p2a: Skarmory|57/100|[from] item: Leftovers
|upkeep
|turn|16
|
|t:|1728410975
|move|p2a: Skarmory|Protect|p2a: Skarmory
|-singleturn|p2a: Skarmory|Protect
|move|p1a: Aerodactyl|Rock Slide|p2a: Skarmory
|-activate|p2a: Skarmory|Protect
|
|-heal|p2a: Skarmory|63/100|[from] item: Leftovers
|upkeep
|turn|17
|
|t:|1728410982
|move|p1a: Aerodactyl|Rock Slide|p2a: Skarmory
|-damage|p2a: Skarmory|23/100
|move|p2a: Skarmory|Spikes|p1a: Aerodactyl
|-sidestart|p1: deathbydunsparce|Spikes
|
|-heal|p2a: Skarmory|29/100|[from] item: Leftovers
|upkeep
|turn|18
|
|t:|1728410987
|move|p2a: Skarmory|Protect|p2a: Skarmory
|-singleturn|p2a: Skarmory|Protect
|move|p1a: Aerodactyl|Rock Slide|p2a: Skarmory|[miss]
|-miss|p1a: Aerodactyl|p2a: Skarmory
|
|-heal|p2a: Skarmory|35/100|[from] item: Leftovers
|upkeep
|turn|19
|
|t:|1728410996
|move|p2a: Skarmory|Protect|p2a: Skarmory
|-singleturn|p2a: Skarmory|Protect
|move|p1a: Aerodactyl|Rock Slide|p2a: Skarmory
|-activate|p2a: Skarmory|Protect
|
|-heal|p2a: Skarmory|41/100|[from] item: Leftovers
|upkeep
|turn|20
|
|t:|1728411003
|move|p1a: Aerodactyl|Rock Slide|p2a: Skarmory
|-damage|p2a: Skarmory|4/100
|move|p2a: Skarmory|Spikes|p1a: Aerodactyl
|-sidestart|p1: deathbydunsparce|Spikes
|
|-heal|p2a: Skarmory|10/100|[from] item: Leftovers
|upkeep
|turn|21
|
|t:|1728411007
|move|p2a: Skarmory|Protect|p2a: Skarmory
|-singleturn|p2a: Skarmory|Protect
|move|p1a: Aerodactyl|Rock Slide|p2a: Skarmory|[miss]
|-miss|p1a: Aerodactyl|p2a: Skarmory
|
|-heal|p2a: Skarmory|16/100|[from] item: Leftovers
|upkeep
|turn|22
|
|t:|1728411012
|move|p1a: Aerodactyl|Rock Slide|p2a: Skarmory
|-damage|p2a: Skarmory|0 fnt
|faint|p2a: Skarmory
|
|t:|1728411019
|switch|p2a: Medicham|Medicham, F|94/100
|-damage|p2a: Medicham|82/100|[from] Spikes
|
|-heal|p2a: Medicham|88/100|[from] item: Leftovers
|upkeep
|turn|23
|
|t:|1728411025
|move|p1a: Aerodactyl|Rock Slide|p2a: Medicham
|-resisted|p2a: Medicham
|-crit|p2a: Medicham
|-damage|p2a: Medicham|4/100
|cant|p2a: Medicham|flinch
|
|-heal|p2a: Medicham|10/100|[from] item: Leftovers
|upkeep
|turn|24
|
|t:|1728411030
|move|p1a: Aerodactyl|Rock Slide|p2a: Medicham
|-resisted|p2a: Medicham
|-damage|p2a: Medicham|0 fnt
|faint|p2a: Medicham
|
|t:|1728411039
|switch|p2a: WINDOWS XP|Porygon2, shiny|100/100
|-damage|p2a: WINDOWS XP|88/100|[from] Spikes
|-ability|p2a: WINDOWS XP|Rock Head|[from] ability: Trace|[of] p1a: Aerodactyl
|
|-heal|p2a: WINDOWS XP|94/100|[from] item: Leftovers
|upkeep
|turn|25
|
|t:|1728411045
|switch|p1a: Swampert|Swampert, F|94/100
|-damage|p1a: Swampert|69/100|[from] Spikes
|move|p2a: WINDOWS XP|Thunder Wave|p1a: Swampert
|-immune|p1a: Swampert
|
|-heal|p1a: Swampert|76/100|[from] item: Leftovers
|-heal|p2a: WINDOWS XP|100/100|[from] item: Leftovers
|upkeep
|turn|26
|
|t:|1728411051
|-singleturn|p1a: Swampert|move: Focus Punch
|move|p2a: WINDOWS XP|Ice Beam|p1a: Swampert
|-damage|p1a: Swampert|45/100
|move|p1a: Swampert|Focus Punch||[still]
|cant|p1a: Swampert|Focus Punch|Focus Punch
|
|-heal|p1a: Swampert|52/100|[from] item: Leftovers
|upkeep
|turn|27
|
|t:|1728411055
|move|p1a: Swampert|Hydro Pump|p2a: WINDOWS XP
|-damage|p2a: WINDOWS XP|50/100
|move|p2a: WINDOWS XP|Ice Beam|p1a: Swampert
|-damage|p1a: Swampert|20/100
|
|-heal|p1a: Swampert|26/100|[from] item: Leftovers
|-heal|p2a: WINDOWS XP|56/100|[from] item: Leftovers
|upkeep
|turn|28
|
|t:|1728411068
|switch|p2a: Salamence|Salamence, M, shiny|100/100
|-ability|p2a: Salamence|Intimidate|boost
|-unboost|p1a: Swampert|atk|1
|move|p1a: Swampert|Hydro Pump|p2a: Salamence
|-resisted|p2a: Salamence
|-damage|p2a: Salamence|54/100
|
|-heal|p1a: Swampert|32/100|[from] item: Leftovers
|upkeep
|turn|29
|
|t:|1728411073
|switch|p2a: Moltres|Moltres|100/100
|move|p1a: Swampert|Ice Beam|p2a: Moltres
|-damage|p2a: Moltres|66/100
|
|-heal|p2a: Moltres|72/100|[from] item: Leftovers
|-heal|p1a: Swampert|38/100|[from] item: Leftovers
|upkeep
|turn|30
|
|t:|1728411079
|move|p2a: Moltres|Hidden Power|p1a: Swampert
|-supereffective|p1a: Swampert
|-damage|p1a: Swampert|0 fnt
|faint|p1a: Swampert
|
|t:|1728411083
|switch|p1a: Aerodactyl|Aerodactyl, M|100/100
|
|-heal|p2a: Moltres|78/100|[from] item: Leftovers
|upkeep
|turn|31
|
|t:|1728411096
|move|p1a: Aerodactyl|Rock Slide|p2a: Moltres
|-supereffective|p2a: Moltres
|-damage|p2a: Moltres|0 fnt
|faint|p2a: Moltres
|
|t:|1728411101
|switch|p2a: WINDOWS XP|Porygon2, shiny|56/100
|-damage|p2a: WINDOWS XP|44/100|[from] Spikes
|-ability|p2a: WINDOWS XP|Rock Head|[from] ability: Trace|[of] p1a: Aerodactyl
|
|-heal|p2a: WINDOWS XP|50/100|[from] item: Leftovers
|upkeep
|turn|32
|
|t:|1728411103
|move|p1a: Aerodactyl|Rock Slide|p2a: WINDOWS XP
|-crit|p2a: WINDOWS XP
|-damage|p2a: WINDOWS XP|0 fnt
|faint|p2a: WINDOWS XP
|
|t:|1728411106
|switch|p2a: Salamence|Salamence, M, shiny|54/100
|-ability|p2a: Salamence|Intimidate|boost
|-unboost|p1a: Aerodactyl|atk|1
|
|upkeep
|turn|33
|
|t:|1728411109
|move|p1a: Aerodactyl|Rock Slide|p2a: Salamence
|-supereffective|p2a: Salamence
|-damage|p2a: Salamence|0 fnt
|faint|p2a: Salamence
|
|win|deathbydunsparce
|c|☆KTheMathematician|my gosh gg
|c|☆deathbydunsparce|Gg sorry for hax
|c|☆KTheMathematician|np
|player|p1|
|player|p2|
|player|p1|deathbydunsparce|bellelba|

</script>
<script type="application/json" class="data" id="replaydata-smogtours-gen3ou-796425">
{"id":"smogtours-gen3ou-796425","format":"[Gen 3] OU","players":["deathbydunsparce","KTheMathematician"],"uploadtime":1728411109,"views":100,"formatid":"gen3ou","rating":null,"private":0,"password":null}
</script>

<script defer src="js/replays.js?9d40a366"></script>
