<!DOCTYPE html>
<meta charset="utf-8" />
<meta name="viewport" content="width=device-width" />

<title>[Gen 3] OU: verbatim vs. gshed - Replays - Pok&eacute;mon Showdown!</title>

<meta name="description" content="Watch a replay of a Pok&eacute;mon battle between verbatim and gshed! Format: [Gen 3] OU; Date: Oct 7, 2024" />
<!--

Hey, you! Looking in the source for the replay log?

You can find them in JSON format, just add `.json` at the end of a replay URL.

https://replay.pokemonshowdown.com/gen7randomdoublesbattle-865046831.json

Or, if you only need the log itself, add `.log` instead:

https://replay.pokemonshowdown.com/gen7randomdoublesbattle-865046831.log

-->

<link rel="stylesheet" href="//pokemonshowdown.com/style/global.css?0.023195364461161105" />
<link rel="stylesheet" href="//play.pokemonshowdown.com/style/font-awesome.css?0.13261647063804238" />
<link rel="stylesheet" href="//play.pokemonshowdown.com/style/battle.css?0.8753245789963631" />
<link rel="stylesheet" href="//play.pokemonshowdown.com/style/utilichart.css?0.8627959624976733" />

<!-- Global site tag (gtag.js) - Google Analytics -->
<script async src="https://www.googletagmanager.com/gtag/js?id=UA-26211653-1"></script>
<script>
  window.dataLayer = window.dataLayer || [];
  function gtag(){dataLayer.push(arguments);}
  gtag('js', new Date());

  gtag('config', 'UA-26211653-1');
</script>
<!-- End Google Analytics -->
<!-- Venatus Ad Manager - Install in <HEAD> of page -->
	<script src="https://hb.vntsm.com/v3/live/ad-manager.min.js" type="text/javascript" data-site-id="642aba63ec9a7b11c3c9c1be" data-mode="scan" async></script>
<!-- / Venatus Ad Manager -->

<style>
	@media (max-width:820px) {
		.battle {
			margin: 0 auto;
		}
		.battle-log {
			margin: 7px auto 0;
			max-width: 640px;
			height: 300px;
			position: static;
		}
	}
	.optgroup {
		display: inline-block;
		line-height: 22px;
		font-size: 10pt;
	}
	.optgroup .button {
		height: 25px;
		padding-top: 0;
		padding-bottom: 0;
	}
	.optgroup button.button {
		padding-left: 12px;
		padding-right: 12px;
	}
	.linklist {
		list-style: none;
		margin: 0.5em 0;
		padding: 0;
	}
	.linklist li {
		padding: 2px 0;
	}
	.sidebar {
		float: left;
		width: 320px;
	}
	.bar-wrapper {
		max-width: 1100px;
		margin: 0 auto;
	}
	.bar-wrapper.has-sidebar {
		max-width: 1430px;
	}
	.mainbar {
		margin: 0;
		padding-right: 1px;
	}
	.mainbar.has-sidebar {
		margin-left: 330px;
	}
	@media (min-width: 1511px) {
		.sidebar {
			width: 400px;
		}
		.bar-wrapper.has-sidebar {
			max-width: 1510px;
		}
		.mainbar.has-sidebar {
			margin-left: 410px;
		}
	}
	.section.first-section {
		margin-top: 9px;
	}
	.blocklink small {
		white-space: normal;
	}
	.button {
		vertical-align: middle;
	}
	.replay-controls {
		padding-top: 10px;
	}
	.replay-controls h1 {
		font-size: 16pt;
		font-weight: normal;
		color: #CCC;
	}
	.pagelink {
		text-align: center;
	}
	.pagelink a {
		width: 150px;
	}
	.textbox, .button {
		font-size: 11pt;
		vertical-align: middle;
	}
	@media (max-width: 450px) {
		.button {
			font-size: 9pt;
		}
	}
</style>

<div>

	<header>
		<div class="nav-wrapper"><ul class="nav">
			<li><a class="button nav-first" href="//pokemonshowdown.com/"><img src="//pokemonshowdown.com/images/pokemonshowdownbeta.png" srcset="//pokemonshowdown.com/images/pokemonshowdownbeta.png 1x, //pokemonshowdown.com/images/pokemonshowdownbeta@2x.png 2x" alt="Pok&eacute;mon Showdown" width="146" height="44" /> Home</a></li>
			<li><a class="button" href="//pokemonshowdown.com/dex/">Pok&eacute;dex</a></li>
			<li><a class="button cur" href="/">Replays</a></li>
			<li><a class="button" href="//pokemonshowdown.com/ladder/">Ladder</a></li>
			<li><a class="button nav-last" href="//pokemonshowdown.com/forums/">Forum</a></li>
			<li><a class="button greenbutton nav-first nav-last" href="//play.pokemonshowdown.com/">Play</a></li>
		</ul></div>
	</header>

	<div class="main" id="main">

		<noscript><section class="section">You need to enable JavaScript to use this page; sorry!</section></noscript>

	</div>

</div>

<script defer nomodule src="//play.pokemonshowdown.com/js/lib/ps-polyfill.js"></script>
<script defer src="//play.pokemonshowdown.com/js/lib/preact.min.js"></script>

<script defer src="//play.pokemonshowdown.com/config/config.js?2bddbc15"></script>
<script defer src="//play.pokemonshowdown.com/js/lib/jquery-1.11.0.min.js"></script>
<script defer src="//play.pokemonshowdown.com/js/lib/html-sanitizer-minified.js"></script>
<script defer src="//play.pokemonshowdown.com/js/battle-sound.js"></script>
<script defer src="//play.pokemonshowdown.com/js/battledata.js?0.7209276989879541"></script>
<script defer src="//play.pokemonshowdown.com/data/pokedex-mini.js?0.6111056340867951"></script>
<script defer src="//play.pokemonshowdown.com/data/pokedex-mini-bw.js?0.3532142036491459"></script>
<script defer src="//play.pokemonshowdown.com/data/graphics.js?0.24223875632456182"></script>
<script defer src="//play.pokemonshowdown.com/data/pokedex.js?0.38839984266356864"></script>
<script defer src="//play.pokemonshowdown.com/data/moves.js?0.21866028504024015"></script>
<script defer src="//play.pokemonshowdown.com/data/abilities.js?0.2005157953846628"></script>
<script defer src="//play.pokemonshowdown.com/data/items.js?0.9894211263848525"></script>
<script defer src="//play.pokemonshowdown.com/data/teambuilder-tables.js?0.6008791140282215"></script>
<script defer src="//play.pokemonshowdown.com/js/battle-tooltips.js?0.7580118955022959"></script>
<script defer src="//play.pokemonshowdown.com/js/battle.js?0.6057722274234274"></script>

<script defer src="js/utils.js?e31f9a17"></script>
<script defer src="js/replays-battle.js?7008c182"></script>

<!-- don't scrape this data! just add .json or .log after the URL!
Full API docs: https://github.com/smogon/pokemon-showdown-client/blob/master/WEB-API.md -->
<script type="text/plain" class="log" id="replaylog-smogtours-gen3ou-796098">
|inactive|Battle timer is ON: inactive players will automatically lose when time's up.
|t:|1728262786
|gametype|singles
|player|p1|verbatim|#psstaffm|
|player|p2|gshed|2|
|teamsize|p1|6
|teamsize|p2|6
|gen|3
|tier|[Gen 3] OU
|rule|Sleep Clause Mod: Limit one foe put to sleep
|rule|Switch Priority Clause Mod: Faster Pokémon switch first
|rule|Species Clause: Limit one of each Pokémon
|rule|OHKO Clause: OHKO moves are banned
|rule|Evasion Items Clause: Evasion items are banned
|rule|Evasion Moves Clause: Evasion moves are banned
|rule|Endless Battle Clause: Forcing endless battles is banned
|rule|HP Percentage Mod: HP is shown in percentages
|rule|One Boost Passer Clause: Limit one Baton Passer that has a way to boost its stats
|rule|Freeze Clause Mod: Limit one foe frozen
|
|t:|1728262786
|start
|switch|p1a: Rimedhal|Jynx, F, shiny|100/100
|switch|p2a: Regirock|Regirock|100/100
|turn|1
|c|☆gshed|glhf
|
|t:|1728262797
|switch|p1a: Musa|Suicune|100/100
|move|p2a: Regirock|Rock Slide|p1a: Musa
|-damage|p1a: Musa|79/100
|
|-heal|p1a: Musa|85/100|[from] item: Leftovers
|upkeep
|turn|2
|c|☆verbatim|u2
|
|t:|1728262817
|switch|p1a: Wiswald|Dugtrio, M|100/100
|move|p2a: Regirock|Explosion|p1a: Wiswald
|-damage|p1a: Wiswald|0 fnt
|faint|p2a: Regirock
|faint|p1a: Wiswald
|
|t:|1728262830
|switch|p1a: Halcyonia|Zapdos|100/100
|switch|p2a: Magneton|Magneton|100/100
|
|upkeep
|turn|3
|
|t:|1728262854
|move|p1a: Halcyonia|Agility|p1a: Halcyonia
|-boost|p1a: Halcyonia|spe|2
|move|p2a: Magneton|Thunder Wave|p1a: Halcyonia
|-status|p1a: Halcyonia|par
|
|upkeep
|turn|4
|
|t:|1728262860
|move|p2a: Magneton|Thunderbolt|p1a: Halcyonia
|-damage|p1a: Halcyonia|40/100 par
|cant|p1a: Halcyonia|par
|
|-heal|p1a: Halcyonia|46/100 par|[from] item: Leftovers
|upkeep
|turn|5
|
|t:|1728262866
|switch|p1a: Mag Mell|Jirachi|100/100
|move|p2a: Magneton|Thunderbolt|p1a: Mag Mell
|-damage|p1a: Mag Mell|49/100
|
|-heal|p1a: Mag Mell|55/100|[from] item: Leftovers
|upkeep
|turn|6
|
|t:|1728262872
|move|p1a: Mag Mell|Substitute|p1a: Mag Mell
|-start|p1a: Mag Mell|Substitute
|-damage|p1a: Mag Mell|30/100
|move|p2a: Magneton|Thunderbolt|p1a: Mag Mell
|-end|p1a: Mag Mell|Substitute
|
|-heal|p1a: Mag Mell|36/100|[from] item: Leftovers
|upkeep
|turn|7
|
|t:|1728262882
|move|p1a: Mag Mell|Thunderbolt|p2a: Magneton
|-resisted|p2a: Magneton
|-crit|p2a: Magneton
|-damage|p2a: Magneton|50/100
|move|p2a: Magneton|Thunderbolt|p1a: Mag Mell
|-damage|p1a: Mag Mell|0 fnt
|faint|p1a: Mag Mell
|
|t:|1728262887
|switch|p1a: Nexus|Gengar, M|100/100
|
|upkeep
|turn|8
|
|t:|1728262895
|move|p1a: Nexus|Fire Punch|p2a: Magneton
|-supereffective|p2a: Magneton
|-damage|p2a: Magneton|0 fnt
|faint|p2a: Magneton
|
|t:|1728262903
|switch|p2a: Snorlax|Snorlax, F|100/100
|
|upkeep
|turn|9
|
|t:|1728262908
|switch|p1a: Halcyonia|Zapdos|46/100 par
|move|p2a: Snorlax|Shadow Ball|p1a: Halcyonia
|-damage|p1a: Halcyonia|16/100 par
|
|-heal|p1a: Halcyonia|22/100 par|[from] item: Leftovers
|upkeep
|turn|10
|
|t:|1728262918
|move|p2a: Snorlax|Shadow Ball|p1a: Halcyonia
|-damage|p1a: Halcyonia|0 fnt
|faint|p1a: Halcyonia
|
|t:|1728262920
|switch|p1a: Rimedhal|Jynx, F, shiny|100/100
|
|upkeep
|turn|11
|
|t:|1728262931
|switch|p2a: Suicune|Suicune|100/100
|move|p1a: Rimedhal|Lovely Kiss|p2a: Suicune
|-status|p2a: Suicune|slp|[from] move: Lovely Kiss
|
|upkeep
|turn|12
|
|t:|1728262936
|switch|p2a: Snorlax|Snorlax, F|100/100
|move|p1a: Rimedhal|Perish Song|p1a: Rimedhal
|-start|p1a: Rimedhal|perish3|[silent]
|-start|p2a: Snorlax|perish3|[silent]
|-fieldactivate|move: Perish Song
|
|-start|p1a: Rimedhal|perish3
|-start|p2a: Snorlax|perish3
|upkeep
|turn|13
|
|t:|1728262944
|switch|p1a: Musa|Suicune|85/100
|move|p2a: Snorlax|Shadow Ball|p1a: Musa
|-damage|p1a: Musa|71/100
|-unboost|p1a: Musa|spd|1
|
|-heal|p1a: Musa|78/100|[from] item: Leftovers
|-start|p2a: Snorlax|perish2
|upkeep
|turn|14
|
|t:|1728262953
|switch|p2a: Metagross|Metagross|100/100
|move|p1a: Musa|Calm Mind|p1a: Musa
|-boost|p1a: Musa|spa|1
|-boost|p1a: Musa|spd|1
|
|-heal|p1a: Musa|84/100|[from] item: Leftovers
|upkeep
|turn|15
|
|t:|1728262962
|move|p2a: Metagross|Meteor Mash|p1a: Musa
|-resisted|p1a: Musa
|-damage|p1a: Musa|67/100
|move|p1a: Musa|Calm Mind|p1a: Musa
|-boost|p1a: Musa|spa|1
|-boost|p1a: Musa|spd|1
|
|-heal|p1a: Musa|73/100|[from] item: Leftovers
|upkeep
|turn|16
|
|t:|1728262970
|switch|p1a: Nexus|Gengar, M|100/100
|move|p2a: Metagross|Explosion|p1a: Nexus
|-immune|p1a: Nexus
|faint|p2a: Metagross
|
|t:|1728262975
|switch|p2a: Snorlax|Snorlax, F|100/100
|
|upkeep
|turn|17
|
|t:|1728262982
|move|p1a: Nexus|Explosion|p2a: Snorlax
|-damage|p2a: Snorlax|29/100
|faint|p1a: Nexus
|
|t:|1728262985
|switch|p1a: Rimedhal|Jynx, F, shiny|100/100
|
|-heal|p2a: Snorlax|36/100|[from] item: Leftovers
|upkeep
|turn|18
|inactive|gshed has 270 seconds left.
|inactive|gshed has 240 seconds left.
|
|t:|1728263046
|move|p1a: Rimedhal|Ice Beam|p2a: Snorlax
|-damage|p2a: Snorlax|6/100
|move|p2a: Snorlax|Body Slam|p1a: Rimedhal
|-damage|p1a: Rimedhal|0 fnt
|faint|p1a: Rimedhal
|
|t:|1728263051
|switch|p1a: Musa|Suicune|73/100
|
|-heal|p1a: Musa|79/100|[from] item: Leftovers
|-heal|p2a: Snorlax|12/100|[from] item: Leftovers
|upkeep
|turn|19
|inactive|gshed has 240 seconds left.
|inactive|gshed has 210 seconds left.
|inactive|gshed has 180 seconds left.
|
|t:|1728263139
|switch|p2a: Salamence|Salamence, F|100/100
|-ability|p2a: Salamence|Intimidate|boost
|-unboost|p1a: Musa|atk|1
|move|p1a: Musa|Surf|p2a: Salamence
|-resisted|p2a: Salamence
|-damage|p2a: Salamence|84/100
|
|-heal|p2a: Salamence|90/100|[from] item: Leftovers
|-heal|p1a: Musa|86/100|[from] item: Leftovers
|upkeep
|turn|20
|inactive|verbatim has 270 seconds left.
|
|t:|1728263173
|move|p2a: Salamence|Dragon Dance|p2a: Salamence
|-boost|p2a: Salamence|atk|1
|-boost|p2a: Salamence|spe|1
|move|p1a: Musa|Calm Mind|p1a: Musa
|-boost|p1a: Musa|spa|1
|-boost|p1a: Musa|spd|1
|
|-heal|p2a: Salamence|96/100|[from] item: Leftovers
|-heal|p1a: Musa|92/100|[from] item: Leftovers
|upkeep
|turn|21
|inactive|gshed has 180 seconds left.
|
|t:|1728263182
|move|p2a: Salamence|Hidden Power|p1a: Musa
|-damage|p1a: Musa|55/100
|move|p1a: Musa|Roar|p2a: Salamence
|drag|p2a: Snorlax|Snorlax, F|12/100
|
|-heal|p1a: Musa|61/100|[from] item: Leftovers
|-heal|p2a: Snorlax|19/100|[from] item: Leftovers
|upkeep
|turn|22
|
|t:|1728263191
|switch|p2a: Salamence|Salamence, F|96/100
|-ability|p2a: Salamence|Intimidate|boost
|-unboost|p1a: Musa|atk|1
|move|p1a: Musa|Surf|p2a: Salamence
|-resisted|p2a: Salamence
|-damage|p2a: Salamence|70/100
|
|-heal|p2a: Salamence|76/100|[from] item: Leftovers
|-heal|p1a: Musa|67/100|[from] item: Leftovers
|upkeep
|turn|23
|
|t:|1728263200
|move|p2a: Salamence|Hidden Power|p1a: Musa
|-damage|p1a: Musa|44/100
|move|p1a: Musa|Roar|p2a: Salamence
|drag|p2a: Snorlax|Snorlax, F|19/100
|
|-heal|p1a: Musa|50/100|[from] item: Leftovers
|-heal|p2a: Snorlax|25/100|[from] item: Leftovers
|upkeep
|turn|24
|
|t:|1728263208
|switch|p2a: Salamence|Salamence, F|76/100
|-ability|p2a: Salamence|Intimidate|boost
|-unboost|p1a: Musa|atk|1
|move|p1a: Musa|Surf|p2a: Salamence
|-resisted|p2a: Salamence
|-damage|p2a: Salamence|51/100
|
|-heal|p2a: Salamence|57/100|[from] item: Leftovers
|-heal|p1a: Musa|56/100|[from] item: Leftovers
|upkeep
|turn|25
|
|t:|1728263217
|move|p2a: Salamence|Hidden Power|p1a: Musa
|-damage|p1a: Musa|32/100
|move|p1a: Musa|Calm Mind|p1a: Musa
|-boost|p1a: Musa|spa|1
|-boost|p1a: Musa|spd|1
|
|-heal|p2a: Salamence|63/100|[from] item: Leftovers
|-heal|p1a: Musa|38/100|[from] item: Leftovers
|upkeep
|turn|26
|
|t:|1728263243
|move|p2a: Salamence|Hidden Power|p1a: Musa
|-damage|p1a: Musa|16/100
|move|p1a: Musa|Surf|p2a: Salamence
|-resisted|p2a: Salamence
|-damage|p2a: Salamence|29/100
|
|-heal|p2a: Salamence|35/100|[from] item: Leftovers
|-heal|p1a: Musa|23/100|[from] item: Leftovers
|upkeep
|turn|27
|inactive|gshed has 210 seconds left.
|
|t:|1728263252
|move|p2a: Salamence|Hidden Power|p1a: Musa
|-damage|p1a: Musa|1/100
|move|p1a: Musa|Surf|p2a: Salamence
|-resisted|p2a: Salamence
|-damage|p2a: Salamence|3/100
|
|-heal|p2a: Salamence|9/100|[from] item: Leftovers
|-heal|p1a: Musa|8/100|[from] item: Leftovers
|upkeep
|turn|28
|c|☆verbatim|gg
|
|t:|1728263260
|move|p2a: Salamence|Hidden Power|p1a: Musa
|-damage|p1a: Musa|0 fnt
|faint|p1a: Musa
|
|win|gshed
|c|☆gshed|gg
|player|p1|
|player|p2|

</script>
<script type="application/json" class="data" id="replaydata-smogtours-gen3ou-796098">
{"id":"smogtours-gen3ou-796098","format":"[Gen 3] OU","players":["verbatim","gshed"],"uploadtime":1728263260,"views":99,"formatid":"gen3ou","rating":null,"private":0,"password":null}
</script>

<script defer src="js/replays.js?9d40a366"></script>
