<!DOCTYPE html>
<meta charset="utf-8" />
<meta name="viewport" content="width=device-width" />

<title>[Gen 3] OU: Hummusfan vs. almarkowbender - Replays - Pok&eacute;mon Showdown!</title>

<meta name="description" content="Watch a replay of a Pok&eacute;mon battle between Hummusfan and almarkowbender! Format: [Gen 3] OU; Date: Oct 11, 2024" />
<!--

Hey, you! Looking in the source for the replay log?

You can find them in JSON format, just add `.json` at the end of a replay URL.

https://replay.pokemonshowdown.com/gen7randomdoublesbattle-865046831.json

Or, if you only need the log itself, add `.log` instead:

https://replay.pokemonshowdown.com/gen7randomdoublesbattle-865046831.log

-->

<link rel="stylesheet" href="//pokemonshowdown.com/style/global.css?0.767286132409787" />
<link rel="stylesheet" href="//play.pokemonshowdown.com/style/font-awesome.css?0.9266228007934947" />
<link rel="stylesheet" href="//play.pokemonshowdown.com/style/battle.css?0.7924700842790926" />
<link rel="stylesheet" href="//play.pokemonshowdown.com/style/utilichart.css?0.8777417872839479" />

<!-- Global site tag (gtag.js) - Google Analytics -->
<script async src="https://www.googletagmanager.com/gtag/js?id=UA-26211653-1"></script>
<script>
  window.dataLayer = window.dataLayer || [];
  function gtag(){dataLayer.push(arguments);}
  gtag('js', new Date());

  gtag('config', 'UA-26211653-1');
</script>
<!-- End Google Analytics -->
<!-- Venatus Ad Manager - Install in <HEAD> of page -->
	<script src="https://hb.vntsm.com/v3/live/ad-manager.min.js" type="text/javascript" data-site-id="642aba63ec9a7b11c3c9c1be" data-mode="scan" async></script>
<!-- / Venatus Ad Manager -->

<style>
	@media (max-width:820px) {
		.battle {
			margin: 0 auto;
		}
		.battle-log {
			margin: 7px auto 0;
			max-width: 640px;
			height: 300px;
			position: static;
		}
	}
	.optgroup {
		display: inline-block;
		line-height: 22px;
		font-size: 10pt;
	}
	.optgroup .button {
		height: 25px;
		padding-top: 0;
		padding-bottom: 0;
	}
	.optgroup button.button {
		padding-left: 12px;
		padding-right: 12px;
	}
	.linklist {
		list-style: none;
		margin: 0.5em 0;
		padding: 0;
	}
	.linklist li {
		padding: 2px 0;
	}
	.sidebar {
		float: left;
		width: 320px;
	}
	.bar-wrapper {
		max-width: 1100px;
		margin: 0 auto;
	}
	.bar-wrapper.has-sidebar {
		max-width: 1430px;
	}
	.mainbar {
		margin: 0;
		padding-right: 1px;
	}
	.mainbar.has-sidebar {
		margin-left: 330px;
	}
	@media (min-width: 1511px) {
		.sidebar {
			width: 400px;
		}
		.bar-wrapper.has-sidebar {
			max-width: 1510px;
		}
		.mainbar.has-sidebar {
			margin-left: 410px;
		}
	}
	.section.first-section {
		margin-top: 9px;
	}
	.blocklink small {
		white-space: normal;
	}
	.button {
		vertical-align: middle;
	}
	.replay-controls {
		padding-top: 10px;
	}
	.replay-controls h1 {
		font-size: 16pt;
		font-weight: normal;
		color: #CCC;
	}
	.pagelink {
		text-align: center;
	}
	.pagelink a {
		width: 150px;
	}
	.textbox, .button {
		font-size: 11pt;
		vertical-align: middle;
	}
	@media (max-width: 450px) {
		.button {
			font-size: 9pt;
		}
	}
</style>

<div>

	<header>
		<div class="nav-wrapper"><ul class="nav">
			<li><a class="button nav-first" href="//pokemonshowdown.com/"><img src="//pokemonshowdown.com/images/pokemonshowdownbeta.png" srcset="//pokemonshowdown.com/images/pokemonshowdownbeta.png 1x, //pokemonshowdown.com/images/pokemonshowdownbeta@2x.png 2x" alt="Pok&eacute;mon Showdown" width="146" height="44" /> Home</a></li>
			<li><a class="button" href="//pokemonshowdown.com/dex/">Pok&eacute;dex</a></li>
			<li><a class="button cur" href="/">Replays</a></li>
			<li><a class="button" href="//pokemonshowdown.com/ladder/">Ladder</a></li>
			<li><a class="button nav-last" href="//pokemonshowdown.com/forums/">Forum</a></li>
			<li><a class="button greenbutton nav-first nav-last" href="//play.pokemonshowdown.com/">Play</a></li>
		</ul></div>
	</header>

	<div class="main" id="main">

		<noscript><section class="section">You need to enable JavaScript to use this page; sorry!</section></noscript>

	</div>

</div>

<script defer nomodule src="//play.pokemonshowdown.com/js/lib/ps-polyfill.js"></script>
<script defer src="//play.pokemonshowdown.com/js/lib/preact.min.js"></script>

<script defer src="//play.pokemonshowdown.com/config/config.js?6dec07f6"></script>
<script defer src="//play.pokemonshowdown.com/js/lib/jquery-1.11.0.min.js"></script>
<script defer src="//play.pokemonshowdown.com/js/lib/html-sanitizer-minified.js"></script>
<script defer src="//play.pokemonshowdown.com/js/battle-sound.js"></script>
<script defer src="//play.pokemonshowdown.com/js/battledata.js?0.6315294753075389"></script>
<script defer src="//play.pokemonshowdown.com/data/pokedex-mini.js?0.7603743185311358"></script>
<script defer src="//play.pokemonshowdown.com/data/pokedex-mini-bw.js?0.030888842834281283"></script>
<script defer src="//play.pokemonshowdown.com/data/graphics.js?0.05593094747507488"></script>
<script defer src="//play.pokemonshowdown.com/data/pokedex.js?0.47064822249611904"></script>
<script defer src="//play.pokemonshowdown.com/data/moves.js?0.8583693120512459"></script>
<script defer src="//play.pokemonshowdown.com/data/abilities.js?0.16017181182386842"></script>
<script defer src="//play.pokemonshowdown.com/data/items.js?0.4163379185673943"></script>
<script defer src="//play.pokemonshowdown.com/data/teambuilder-tables.js?0.31075597372830477"></script>
<script defer src="//play.pokemonshowdown.com/js/battle-tooltips.js?0.6536193500708172"></script>
<script defer src="//play.pokemonshowdown.com/js/battle.js?0.1916591943277901"></script>

<script defer src="js/utils.js?e31f9a17"></script>
<script defer src="js/replays-battle.js?7008c182"></script>

<!-- don't scrape this data! just add .json or .log after the URL!
Full API docs: https://github.com/smogon/pokemon-showdown-client/blob/master/WEB-API.md -->
<script type="text/plain" class="log" id="replaylog-smogtours-gen3ou-797271">
|inactive|Battle timer is ON: inactive players will automatically lose when time's up.
|t:|1728678373
|gametype|singles
|player|p1|Hummusfan|266|
|player|p2|almarkowbender|102|
|teamsize|p1|6
|teamsize|p2|6
|gen|3
|tier|[Gen 3] OU
|rule|Sleep Clause Mod: Limit one foe put to sleep
|rule|Switch Priority Clause Mod: Faster Pokémon switch first
|rule|Species Clause: Limit one of each Pokémon
|rule|OHKO Clause: OHKO moves are banned
|rule|Evasion Items Clause: Evasion items are banned
|rule|Evasion Moves Clause: Evasion moves are banned
|rule|Endless Battle Clause: Forcing endless battles is banned
|rule|HP Percentage Mod: HP is shown in percentages
|rule|One Boost Passer Clause: Limit one Baton Passer that has a way to boost its stats
|rule|Freeze Clause Mod: Limit one foe frozen
|
|t:|1728678373
|start
|switch|p1a: Jolanda|Jolteon, M|100/100
|switch|p2a: Computer|Metagross|100/100
|turn|1
|c|☆Hummusfan|gl hf
|c|☆almarkowbender|u 2
|
|t:|1728678401
|move|p1a: Jolanda|Substitute|p1a: Jolanda
|-start|p1a: Jolanda|Substitute
|-damage|p1a: Jolanda|76/100
|move|p2a: Computer|Meteor Mash|p1a: Jolanda|[miss]
|-miss|p2a: Computer|p1a: Jolanda
|
|-heal|p1a: Jolanda|82/100|[from] item: Leftovers
|upkeep
|turn|2
|inactive|Hummusfan has 270 seconds left.
|
|t:|1728678447
|move|p1a: Jolanda|Thunderbolt|p2a: Computer
|-damage|p2a: Computer|52/100
|move|p2a: Computer|Meteor Mash|p1a: Jolanda
|-resisted|p1a: Jolanda
|-crit|p1a: Jolanda
|-end|p1a: Jolanda|Substitute
|
|-heal|p1a: Jolanda|88/100|[from] item: Leftovers
|upkeep
|turn|3
|
|t:|1728678459
|switch|p2a: Celebi|Celebi|100/100
|move|p1a: Jolanda|Baton Pass|p1a: Jolanda
|
|t:|1728678469
|switch|p1a: Ska-lover|Skarmory, M|100/100|[from] Baton Pass
|
|upkeep
|turn|4
|
|t:|1728678476
|switch|p2a: Superconductor|Magneton|100/100
|move|p1a: Ska-lover|Spikes|p2a: Superconductor
|-sidestart|p2: almarkowbender|Spikes
|
|upkeep
|turn|5
|
|t:|1728678489
|move|p2a: Superconductor|Thunderbolt|p1a: Ska-lover
|-supereffective|p1a: Ska-lover
|-damage|p1a: Ska-lover|20/100
|move|p1a: Ska-lover|Roar|p2a: Superconductor
|drag|p2a: Gyarados|Gyarados, M|100/100
|-ability|p2a: Gyarados|Intimidate|boost
|-unboost|p1a: Ska-lover|atk|1
|
|-heal|p1a: Ska-lover|26/100|[from] item: Leftovers
|upkeep
|turn|6
|inactive|Hummusfan has 240 seconds left.
|inactive|almarkowbender has 270 seconds left.
|inactive|Hummusfan has 210 seconds left.
|
|t:|1728678557
|switch|p2a: Superconductor|Magneton|100/100
|-damage|p2a: Superconductor|88/100|[from] Spikes
|move|p1a: Ska-lover|Roar|p2a: Superconductor
|drag|p2a: Terror|Tyranitar, F|100/100
|-damage|p2a: Terror|88/100|[from] Spikes
|-weather|Sandstorm|[from] ability: Sand Stream|[of] p2a: Terror
|
|-weather|Sandstorm|[upkeep]
|-heal|p1a: Ska-lover|32/100|[from] item: Leftovers
|upkeep
|turn|7
|inactive|Hummusfan has 210 seconds left.
|
|t:|1728678576
|move|p2a: Terror|Rock Slide|p1a: Ska-lover
|-damage|p1a: Ska-lover|3/100
|cant|p1a: Ska-lover|flinch
|
|-weather|Sandstorm|[upkeep]
|-heal|p1a: Ska-lover|9/100|[from] item: Leftovers
|upkeep
|turn|8
|
|t:|1728678592
|move|p2a: Terror|Rock Slide|p1a: Ska-lover
|-damage|p1a: Ska-lover|0 fnt
|faint|p1a: Ska-lover
|
|t:|1728678601
|switch|p1a: Smentha|Smeargle, F|100/100
|
|-weather|Sandstorm|[upkeep]
|-damage|p1a: Smentha|94/100|[from] Sandstorm
|upkeep
|turn|9
|inactive|Hummusfan has 210 seconds left.
|inactive|Hummusfan has 180 seconds left.
|
|t:|1728678638
|move|p1a: Smentha|Baton Pass|p1a: Smentha
|inactive|Hummusfan has 180 seconds left.
|
|t:|1728678645
|switch|p1a: Maggy|Magneton|100/100|[from] Baton Pass
|move|p2a: Terror|Dragon Dance|p2a: Terror
|-boost|p2a: Terror|atk|1
|-boost|p2a: Terror|spe|1
|
|-weather|Sandstorm|[upkeep]
|upkeep
|turn|10
|inactive|Hummusfan has 180 seconds left.
|
|t:|1728678661
|move|p2a: Terror|Earthquake|p1a: Maggy
|-supereffective|p1a: Maggy
|-damage|p1a: Maggy|0 fnt
|faint|p1a: Maggy
|
|t:|1728678668
|switch|p1a: Tyffani|Tyranitar, F|100/100
|
|-weather|Sandstorm|[upkeep]
|upkeep
|turn|11
|inactive|Hummusfan has 180 seconds left.
|
|t:|1728678674
|move|p2a: Terror|Earthquake|p1a: Tyffani
|-supereffective|p1a: Tyffani
|-damage|p1a: Tyffani|14/100
|move|p1a: Tyffani|Earthquake|p2a: Terror
|-supereffective|p2a: Terror
|-damage|p2a: Terror|12/100
|
|-weather|Sandstorm|[upkeep]
|upkeep
|turn|12
|
|t:|1728678681
|move|p2a: Terror|Earthquake|p1a: Tyffani
|-supereffective|p1a: Tyffani
|-damage|p1a: Tyffani|0 fnt
|faint|p1a: Tyffani
|
|t:|1728678683
|switch|p1a: Jolanda|Jolteon, M|88/100
|
|-weather|Sandstorm|[upkeep]
|-damage|p1a: Jolanda|82/100|[from] Sandstorm
|-heal|p1a: Jolanda|88/100|[from] item: Leftovers
|upkeep
|turn|13
|
|t:|1728678689
|move|p1a: Jolanda|Thunderbolt|p2a: Terror
|-damage|p2a: Terror|0 fnt
|faint|p2a: Terror
|
|t:|1728678691
|switch|p2a: Celebi|Celebi|100/100
|-damage|p2a: Celebi|88/100|[from] Spikes
|
|-weather|Sandstorm|[upkeep]
|-damage|p1a: Jolanda|82/100|[from] Sandstorm
|-damage|p2a: Celebi|82/100|[from] Sandstorm
|-heal|p1a: Jolanda|88/100|[from] item: Leftovers
|-heal|p2a: Celebi|88/100|[from] item: Leftovers
|upkeep
|turn|14
|
|t:|1728678702
|move|p1a: Jolanda|Hidden Power|p2a: Celebi
|-supereffective|p2a: Celebi
|-damage|p2a: Celebi|53/100
|move|p2a: Celebi|Psychic|p1a: Jolanda
|-damage|p1a: Jolanda|49/100
|
|-weather|Sandstorm|[upkeep]
|-damage|p1a: Jolanda|43/100|[from] Sandstorm
|-damage|p2a: Celebi|47/100|[from] Sandstorm
|-heal|p1a: Jolanda|49/100|[from] item: Leftovers
|-heal|p2a: Celebi|53/100|[from] item: Leftovers
|upkeep
|turn|15
|
|t:|1728678714
|move|p1a: Jolanda|Baton Pass|p1a: Jolanda
|
|t:|1728678716
|switch|p1a: Smentha|Smeargle, F|94/100|[from] Baton Pass
|move|p2a: Celebi|Psychic|p1a: Smentha
|-damage|p1a: Smentha|26/100
|
|-weather|Sandstorm|[upkeep]
|-damage|p2a: Celebi|47/100|[from] Sandstorm
|-damage|p1a: Smentha|20/100|[from] Sandstorm
|-heal|p2a: Celebi|53/100|[from] item: Leftovers
|upkeep
|turn|16
|inactive|Hummusfan has 210 seconds left.
|
|t:|1728678732
|move|p2a: Celebi|Substitute|p2a: Celebi
|-start|p2a: Celebi|Substitute
|-damage|p2a: Celebi|28/100
|move|p1a: Smentha|Spore||[still]
|-fail|p1a: Smentha
|
|-weather|Sandstorm|[upkeep]
|-damage|p2a: Celebi|22/100|[from] Sandstorm
|-damage|p1a: Smentha|14/100|[from] Sandstorm
|-heal|p2a: Celebi|28/100|[from] item: Leftovers
|upkeep
|turn|17
|inactive|Hummusfan has 210 seconds left.
|
|t:|1728678746
|move|p2a: Celebi|Baton Pass|p2a: Celebi
|
|t:|1728678748
|switch|p2a: Salamence|Salamence, F|100/100|[from] Baton Pass
|-ability|p2a: Salamence|Intimidate|boost
|-unboost|p1a: Smentha|atk|1
|move|p1a: Smentha|Baton Pass|p1a: Smentha
|
|t:|1728678752
|switch|p1a: Jolanda|Jolteon, M|49/100|[from] Baton Pass
|
|-weather|Sandstorm|[upkeep]
|-damage|p1a: Jolanda|43/100|[from] Sandstorm
|-damage|p2a: Salamence|94/100|[from] Sandstorm
|-heal|p1a: Jolanda|49/100|[from] item: Leftovers
|-heal|p2a: Salamence|100/100|[from] item: Leftovers
|upkeep
|turn|18
|
|t:|1728678768
|move|p1a: Jolanda|Hidden Power|p2a: Salamence
|-supereffective|p2a: Salamence
|-end|p2a: Salamence|Substitute
|move|p2a: Salamence|Dragon Dance|p2a: Salamence
|-boost|p2a: Salamence|atk|1
|-boost|p2a: Salamence|spe|1
|
|-weather|Sandstorm|[upkeep]
|-damage|p2a: Salamence|94/100|[from] Sandstorm
|-damage|p1a: Jolanda|43/100|[from] Sandstorm
|-heal|p2a: Salamence|100/100|[from] item: Leftovers
|-heal|p1a: Jolanda|49/100|[from] item: Leftovers
|upkeep
|turn|19
|
|t:|1728678773
|move|p2a: Salamence|Earthquake|p1a: Jolanda
|-supereffective|p1a: Jolanda
|-damage|p1a: Jolanda|0 fnt
|faint|p1a: Jolanda
|
|t:|1728678775
|switch|p1a: Aeron|Aerodactyl, F|100/100
|
|-weather|Sandstorm|[upkeep]
|-damage|p2a: Salamence|94/100|[from] Sandstorm
|-heal|p2a: Salamence|100/100|[from] item: Leftovers
|upkeep
|turn|20
|
|t:|1728678779
|move|p2a: Salamence|Rock Slide|p1a: Aeron
|-supereffective|p1a: Aeron
|-damage|p1a: Aeron|0 fnt
|faint|p1a: Aeron
|
|t:|1728678782
|switch|p1a: Smentha|Smeargle, F|14/100
|
|-weather|Sandstorm|[upkeep]
|-damage|p2a: Salamence|94/100|[from] Sandstorm
|-damage|p1a: Smentha|8/100|[from] Sandstorm
|-heal|p2a: Salamence|100/100|[from] item: Leftovers
|upkeep
|turn|21
|-message|Hummusfan forfeited.
|
|win|almarkowbender
|c|☆almarkowbender|gg
|c|☆Hummusfan|gg

</script>
<script type="application/json" class="data" id="replaydata-smogtours-gen3ou-797271">
{"id":"smogtours-gen3ou-797271","format":"[Gen 3] OU","players":["Hummusfan","almarkowbender"],"uploadtime":1728678788,"views":105,"formatid":"gen3ou","rating":null,"private":0,"password":null}
</script>

<script defer src="js/replays.js?9d40a366"></script>
