<!DOCTYPE html>
<meta charset="utf-8" />
<meta name="viewport" content="width=device-width" />

<title>[Gen 3] OU: verbatim vs. gorditoconbigote - Replays - Pok&eacute;mon Showdown!</title>

<meta name="description" content="Watch a replay of a Pok&eacute;mon battle between verbatim and gorditoconbigote! Format: [Gen 3] OU; Date: Oct 18, 2024" />
<!--

Hey, you! Looking in the source for the replay log?

You can find them in JSON format, just add `.json` at the end of a replay URL.

https://replay.pokemonshowdown.com/gen7randomdoublesbattle-865046831.json

Or, if you only need the log itself, add `.log` instead:

https://replay.pokemonshowdown.com/gen7randomdoublesbattle-865046831.log

-->

<link rel="stylesheet" href="//pokemonshowdown.com/style/global.css?0.767286132409787" />
<link rel="stylesheet" href="//play.pokemonshowdown.com/style/font-awesome.css?0.9266228007934947" />
<link rel="stylesheet" href="//play.pokemonshowdown.com/style/battle.css?0.7924700842790926" />
<link rel="stylesheet" href="//play.pokemonshowdown.com/style/utilichart.css?0.8777417872839479" />

<!-- Global site tag (gtag.js) - Google Analytics -->
<script async src="https://www.googletagmanager.com/gtag/js?id=UA-26211653-1"></script>
<script>
  window.dataLayer = window.dataLayer || [];
  function gtag(){dataLayer.push(arguments);}
  gtag('js', new Date());

  gtag('config', 'UA-26211653-1');
</script>
<!-- End Google Analytics -->
<!-- Venatus Ad Manager - Install in <HEAD> of page -->
	<script src="https://hb.vntsm.com/v3/live/ad-manager.min.js" type="text/javascript" data-site-id="642aba63ec9a7b11c3c9c1be" data-mode="scan" async></script>
<!-- / Venatus Ad Manager -->

<style>
	@media (max-width:820px) {
		.battle {
			margin: 0 auto;
		}
		.battle-log {
			margin: 7px auto 0;
			max-width: 640px;
			height: 300px;
			position: static;
		}
	}
	.optgroup {
		display: inline-block;
		line-height: 22px;
		font-size: 10pt;
	}
	.optgroup .button {
		height: 25px;
		padding-top: 0;
		padding-bottom: 0;
	}
	.optgroup button.button {
		padding-left: 12px;
		padding-right: 12px;
	}
	.linklist {
		list-style: none;
		margin: 0.5em 0;
		padding: 0;
	}
	.linklist li {
		padding: 2px 0;
	}
	.sidebar {
		float: left;
		width: 320px;
	}
	.bar-wrapper {
		max-width: 1100px;
		margin: 0 auto;
	}
	.bar-wrapper.has-sidebar {
		max-width: 1430px;
	}
	.mainbar {
		margin: 0;
		padding-right: 1px;
	}
	.mainbar.has-sidebar {
		margin-left: 330px;
	}
	@media (min-width: 1511px) {
		.sidebar {
			width: 400px;
		}
		.bar-wrapper.has-sidebar {
			max-width: 1510px;
		}
		.mainbar.has-sidebar {
			margin-left: 410px;
		}
	}
	.section.first-section {
		margin-top: 9px;
	}
	.blocklink small {
		white-space: normal;
	}
	.button {
		vertical-align: middle;
	}
	.replay-controls {
		padding-top: 10px;
	}
	.replay-controls h1 {
		font-size: 16pt;
		font-weight: normal;
		color: #CCC;
	}
	.pagelink {
		text-align: center;
	}
	.pagelink a {
		width: 150px;
	}
	.textbox, .button {
		font-size: 11pt;
		vertical-align: middle;
	}
	@media (max-width: 450px) {
		.button {
			font-size: 9pt;
		}
	}
</style>

<div>

	<header>
		<div class="nav-wrapper"><ul class="nav">
			<li><a class="button nav-first" href="//pokemonshowdown.com/"><img src="//pokemonshowdown.com/images/pokemonshowdownbeta.png" srcset="//pokemonshowdown.com/images/pokemonshowdownbeta.png 1x, //pokemonshowdown.com/images/pokemonshowdownbeta@2x.png 2x" alt="Pok&eacute;mon Showdown" width="146" height="44" /> Home</a></li>
			<li><a class="button" href="//pokemonshowdown.com/dex/">Pok&eacute;dex</a></li>
			<li><a class="button cur" href="/">Replays</a></li>
			<li><a class="button" href="//pokemonshowdown.com/ladder/">Ladder</a></li>
			<li><a class="button nav-last" href="//pokemonshowdown.com/forums/">Forum</a></li>
			<li><a class="button greenbutton nav-first nav-last" href="//play.pokemonshowdown.com/">Play</a></li>
		</ul></div>
	</header>

	<div class="main" id="main">

		<noscript><section class="section">You need to enable JavaScript to use this page; sorry!</section></noscript>

	</div>

</div>

<script defer nomodule src="//play.pokemonshowdown.com/js/lib/ps-polyfill.js"></script>
<script defer src="//play.pokemonshowdown.com/js/lib/preact.min.js"></script>

<script defer src="//play.pokemonshowdown.com/config/config.js?6dec07f6"></script>
<script defer src="//play.pokemonshowdown.com/js/lib/jquery-1.11.0.min.js"></script>
<script defer src="//play.pokemonshowdown.com/js/lib/html-sanitizer-minified.js"></script>
<script defer src="//play.pokemonshowdown.com/js/battle-sound.js"></script>
<script defer src="//play.pokemonshowdown.com/js/battledata.js?0.6315294753075389"></script>
<script defer src="//play.pokemonshowdown.com/data/pokedex-mini.js?0.7603743185311358"></script>
<script defer src="//play.pokemonshowdown.com/data/pokedex-mini-bw.js?0.030888842834281283"></script>
<script defer src="//play.pokemonshowdown.com/data/graphics.js?0.05593094747507488"></script>
<script defer src="//play.pokemonshowdown.com/data/pokedex.js?0.47064822249611904"></script>
<script defer src="//play.pokemonshowdown.com/data/moves.js?0.8583693120512459"></script>
<script defer src="//play.pokemonshowdown.com/data/abilities.js?0.16017181182386842"></script>
<script defer src="//play.pokemonshowdown.com/data/items.js?0.4163379185673943"></script>
<script defer src="//play.pokemonshowdown.com/data/teambuilder-tables.js?0.31075597372830477"></script>
<script defer src="//play.pokemonshowdown.com/js/battle-tooltips.js?0.6536193500708172"></script>
<script defer src="//play.pokemonshowdown.com/js/battle.js?0.1916591943277901"></script>

<script defer src="js/utils.js?e31f9a17"></script>
<script defer src="js/replays-battle.js?7008c182"></script>

<!-- don't scrape this data! just add .json or .log after the URL!
Full API docs: https://github.com/smogon/pokemon-showdown-client/blob/master/WEB-API.md -->
<script type="text/plain" class="log" id="replaylog-smogtours-gen3ou-799603">
|inactive|Battle timer is ON: inactive players will automatically lose when time's up.
|t:|1729275998
|gametype|singles
|player|p1|verbatim|#psstaffm|
|player|p2|gorditoconbigote|169|
|teamsize|p1|6
|teamsize|p2|6
|gen|3
|tier|[Gen 3] OU
|rule|Sleep Clause Mod: Limit one foe put to sleep
|rule|Switch Priority Clause Mod: Faster Pokémon switch first
|rule|Species Clause: Limit one of each Pokémon
|rule|OHKO Clause: OHKO moves are banned
|rule|Evasion Items Clause: Evasion items are banned
|rule|Evasion Moves Clause: Evasion moves are banned
|rule|Endless Battle Clause: Forcing endless battles is banned
|rule|HP Percentage Mod: HP is shown in percentages
|rule|One Boost Passer Clause: Limit one Baton Passer that has a way to boost its stats
|rule|Freeze Clause Mod: Limit one foe frozen
|
|t:|1729275998
|start
|switch|p1a: contravention|Swampert, F|100/100
|switch|p2a: Metagross|Metagross|100/100
|turn|1
|c|☆gorditoconbigote|glhf!
|inactive|gorditoconbigote has 270 seconds left.
|
|t:|1729276032
|switch|p2a: Suicune|Suicune|100/100
|move|p1a: contravention|Surf|p2a: Suicune
|-resisted|p2a: Suicune
|-damage|p2a: Suicune|90/100
|
|-heal|p2a: Suicune|96/100|[from] item: Leftovers
|upkeep
|turn|2
|
|t:|1729276058
|switch|p2a: Metagross|Metagross|100/100
|move|p1a: contravention|Counter|p2a: Metagross
|
|upkeep
|turn|3
|
|t:|1729276085
|move|p2a: Metagross|Explosion|p1a: contravention
|-damage|p1a: contravention|0 fnt
|faint|p2a: Metagross
|faint|p1a: contravention
|
|t:|1729276098
|switch|p2a: Snorlax|Snorlax, F|100/100
|switch|p1a: expurgation|Umbreon, M|100/100
|
|upkeep
|turn|4
|
|t:|1729276105
|switch|p1a: Consternation|Metagross|100/100
|move|p2a: Snorlax|Curse|p2a: Snorlax
|-unboost|p2a: Snorlax|spe|1
|-boost|p2a: Snorlax|atk|1
|-boost|p2a: Snorlax|def|1
|
|upkeep
|turn|5
|
|t:|1729276111
|move|p1a: Consternation|Meteor Mash|p2a: Snorlax|[miss]
|-miss|p1a: Consternation|p2a: Snorlax
|move|p2a: Snorlax|Earthquake|p1a: Consternation
|-supereffective|p1a: Consternation
|-damage|p1a: Consternation|27/100
|
|upkeep
|turn|6
|
|t:|1729276126
|switch|p1a: the clown|Dragonite, F|100/100
|move|p2a: Snorlax|Frustration|p1a: the clown
|-damage|p1a: the clown|19/100
|
|-enditem|p1a: the clown|Liechi Berry|[eat]
|-boost|p1a: the clown|atk|1|[from] item: Liechi Berry
|upkeep
|turn|7
|
|t:|1729276149
|-singleturn|p1a: the clown|move: Focus Punch
|move|p2a: Snorlax|Frustration|p1a: the clown
|-damage|p1a: the clown|0 fnt
|faint|p1a: the clown
|
|t:|1729276153
|switch|p1a: Consternation|Metagross|27/100
|
|upkeep
|turn|8
|
|t:|1729276161
|switch|p2a: Suicune|Suicune|96/100
|move|p1a: Consternation|Explosion|p2a: Suicune
|-damage|p2a: Suicune|0 fnt
|faint|p1a: Consternation
|faint|p2a: Suicune
|
|t:|1729276172
|switch|p2a: Claydol|Claydol|100/100
|switch|p1a: antipathy|Magneton|100/100
|
|upkeep
|turn|9
|
|t:|1729276180
|switch|p1a: expurgation|Umbreon, M|100/100
|move|p2a: Claydol|Earthquake|p1a: expurgation
|-damage|p1a: expurgation|77/100
|
|-heal|p1a: expurgation|83/100|[from] item: Leftovers
|upkeep
|turn|10
|
|t:|1729276190
|-activate|p2a: Claydol|move: Pursuit
|move|p1a: expurgation|Pursuit|p2a: Claydol|[from]Pursuit
|-supereffective|p2a: Claydol
|-damage|p2a: Claydol|57/100
|switch|p2a: Snorlax|Snorlax, F|100/100
|
|-heal|p1a: expurgation|89/100|[from] item: Leftovers
|upkeep
|turn|11
|
|t:|1729276202
|-singleturn|p2a: Snorlax|move: Focus Punch
|switch|p1a: antipathy|Magneton|100/100
|move|p2a: Snorlax|Focus Punch|p1a: antipathy
|-supereffective|p1a: antipathy
|-damage|p1a: antipathy|0 fnt
|faint|p1a: antipathy
|
|t:|1729276204
|switch|p1a: Aggregation|Celebi|100/100
|
|upkeep
|turn|12
|
|t:|1729276219
|move|p1a: Aggregation|Calm Mind|p1a: Aggregation
|-boost|p1a: Aggregation|spa|1
|-boost|p1a: Aggregation|spd|1
|move|p2a: Snorlax|Frustration|p1a: Aggregation
|-damage|p1a: Aggregation|54/100
|
|-heal|p1a: Aggregation|60/100|[from] item: Leftovers
|upkeep
|turn|13
|
|t:|1729276227
|move|p1a: Aggregation|Psychic|p2a: Snorlax
|-damage|p2a: Snorlax|63/100
|move|p2a: Snorlax|Frustration|p1a: Aggregation
|-damage|p1a: Aggregation|14/100
|
|-heal|p1a: Aggregation|20/100|[from] item: Leftovers
|-heal|p2a: Snorlax|70/100|[from] item: Leftovers
|upkeep
|turn|14
|
|t:|1729276237
|move|p1a: Aggregation|Psychic|p2a: Snorlax
|-damage|p2a: Snorlax|32/100
|move|p2a: Snorlax|Frustration|p1a: Aggregation
|-damage|p1a: Aggregation|0 fnt
|faint|p1a: Aggregation
|
|t:|1729276239
|switch|p1a: expurgation|Umbreon, M|89/100
|
|-heal|p1a: expurgation|95/100|[from] item: Leftovers
|-heal|p2a: Snorlax|38/100|[from] item: Leftovers
|upkeep
|turn|15
|c|☆verbatim|ggs
|
|t:|1729276250
|move|p1a: expurgation|Pursuit|p2a: Snorlax
|-damage|p2a: Snorlax|33/100
|move|p2a: Snorlax|Curse|p2a: Snorlax
|-unboost|p2a: Snorlax|spe|1
|-boost|p2a: Snorlax|atk|1
|-boost|p2a: Snorlax|def|1
|
|-heal|p1a: expurgation|100/100|[from] item: Leftovers
|-heal|p2a: Snorlax|39/100|[from] item: Leftovers
|upkeep
|turn|16
|
|t:|1729276255
|move|p1a: expurgation|Pursuit|p2a: Snorlax
|-damage|p2a: Snorlax|32/100
|move|p2a: Snorlax|Frustration|p1a: expurgation
|-damage|p1a: expurgation|52/100
|
|-heal|p1a: expurgation|58/100|[from] item: Leftovers
|-heal|p2a: Snorlax|39/100|[from] item: Leftovers
|upkeep
|turn|17
|
|t:|1729276262
|move|p1a: expurgation|Pursuit|p2a: Snorlax
|-crit|p2a: Snorlax
|-damage|p2a: Snorlax|26/100
|move|p2a: Snorlax|Frustration|p1a: expurgation
|-damage|p1a: expurgation|11/100
|
|-heal|p1a: expurgation|17/100|[from] item: Leftovers
|-heal|p2a: Snorlax|32/100|[from] item: Leftovers
|upkeep
|turn|18
|
|t:|1729276272
|move|p1a: expurgation|Pursuit|p2a: Snorlax
|-crit|p2a: Snorlax
|-damage|p2a: Snorlax|18/100
|move|p2a: Snorlax|Frustration|p1a: expurgation
|-damage|p1a: expurgation|0 fnt
|faint|p1a: expurgation
|
|win|gorditoconbigote
|c|☆verbatim|gg
|c|☆gorditoconbigote|ggs
|c|☆gorditoconbigote|wp
|c|☆verbatim|u2

</script>
<script type="application/json" class="data" id="replaydata-smogtours-gen3ou-799603">
{"id":"smogtours-gen3ou-799603","format":"[Gen 3] OU","players":["verbatim","gorditoconbigote"],"uploadtime":1729276272,"views":127,"formatid":"gen3ou","rating":null,"private":0,"password":null}
</script>

<script defer src="js/replays.js?9d40a366"></script>
