<!DOCTYPE html>
<meta charset="utf-8" />
<meta name="viewport" content="width=device-width" />

<title>[Gen 3] OU: almarkowbender vs. Please ban rachi - Replays - Pok&eacute;mon Showdown!</title>

<meta name="description" content="Watch a replay of a Pok&eacute;mon battle between almarkowbender and Please ban rachi! Format: [Gen 3] OU; Date: Oct 9, 2024" />
<!--

Hey, you! Looking in the source for the replay log?

You can find them in JSON format, just add `.json` at the end of a replay URL.

https://replay.pokemonshowdown.com/gen7randomdoublesbattle-865046831.json

Or, if you only need the log itself, add `.log` instead:

https://replay.pokemonshowdown.com/gen7randomdoublesbattle-865046831.log

-->

<link rel="stylesheet" href="//pokemonshowdown.com/style/global.css?0.023195364461161105" />
<link rel="stylesheet" href="//play.pokemonshowdown.com/style/font-awesome.css?0.13261647063804238" />
<link rel="stylesheet" href="//play.pokemonshowdown.com/style/battle.css?0.8753245789963631" />
<link rel="stylesheet" href="//play.pokemonshowdown.com/style/utilichart.css?0.8627959624976733" />

<!-- Global site tag (gtag.js) - Google Analytics -->
<script async src="https://www.googletagmanager.com/gtag/js?id=UA-26211653-1"></script>
<script>
  window.dataLayer = window.dataLayer || [];
  function gtag(){dataLayer.push(arguments);}
  gtag('js', new Date());

  gtag('config', 'UA-26211653-1');
</script>
<!-- End Google Analytics -->
<!-- Venatus Ad Manager - Install in <HEAD> of page -->
	<script src="https://hb.vntsm.com/v3/live/ad-manager.min.js" type="text/javascript" data-site-id="642aba63ec9a7b11c3c9c1be" data-mode="scan" async></script>
<!-- / Venatus Ad Manager -->

<style>
	@media (max-width:820px) {
		.battle {
			margin: 0 auto;
		}
		.battle-log {
			margin: 7px auto 0;
			max-width: 640px;
			height: 300px;
			position: static;
		}
	}
	.optgroup {
		display: inline-block;
		line-height: 22px;
		font-size: 10pt;
	}
	.optgroup .button {
		height: 25px;
		padding-top: 0;
		padding-bottom: 0;
	}
	.optgroup button.button {
		padding-left: 12px;
		padding-right: 12px;
	}
	.linklist {
		list-style: none;
		margin: 0.5em 0;
		padding: 0;
	}
	.linklist li {
		padding: 2px 0;
	}
	.sidebar {
		float: left;
		width: 320px;
	}
	.bar-wrapper {
		max-width: 1100px;
		margin: 0 auto;
	}
	.bar-wrapper.has-sidebar {
		max-width: 1430px;
	}
	.mainbar {
		margin: 0;
		padding-right: 1px;
	}
	.mainbar.has-sidebar {
		margin-left: 330px;
	}
	@media (min-width: 1511px) {
		.sidebar {
			width: 400px;
		}
		.bar-wrapper.has-sidebar {
			max-width: 1510px;
		}
		.mainbar.has-sidebar {
			margin-left: 410px;
		}
	}
	.section.first-section {
		margin-top: 9px;
	}
	.blocklink small {
		white-space: normal;
	}
	.button {
		vertical-align: middle;
	}
	.replay-controls {
		padding-top: 10px;
	}
	.replay-controls h1 {
		font-size: 16pt;
		font-weight: normal;
		color: #CCC;
	}
	.pagelink {
		text-align: center;
	}
	.pagelink a {
		width: 150px;
	}
	.textbox, .button {
		font-size: 11pt;
		vertical-align: middle;
	}
	@media (max-width: 450px) {
		.button {
			font-size: 9pt;
		}
	}
</style>

<div>

	<header>
		<div class="nav-wrapper"><ul class="nav">
			<li><a class="button nav-first" href="//pokemonshowdown.com/"><img src="//pokemonshowdown.com/images/pokemonshowdownbeta.png" srcset="//pokemonshowdown.com/images/pokemonshowdownbeta.png 1x, //pokemonshowdown.com/images/pokemonshowdownbeta@2x.png 2x" alt="Pok&eacute;mon Showdown" width="146" height="44" /> Home</a></li>
			<li><a class="button" href="//pokemonshowdown.com/dex/">Pok&eacute;dex</a></li>
			<li><a class="button cur" href="/">Replays</a></li>
			<li><a class="button" href="//pokemonshowdown.com/ladder/">Ladder</a></li>
			<li><a class="button nav-last" href="//pokemonshowdown.com/forums/">Forum</a></li>
			<li><a class="button greenbutton nav-first nav-last" href="//play.pokemonshowdown.com/">Play</a></li>
		</ul></div>
	</header>

	<div class="main" id="main">

		<noscript><section class="section">You need to enable JavaScript to use this page; sorry!</section></noscript>

	</div>

</div>

<script defer nomodule src="//play.pokemonshowdown.com/js/lib/ps-polyfill.js"></script>
<script defer src="//play.pokemonshowdown.com/js/lib/preact.min.js"></script>

<script defer src="//play.pokemonshowdown.com/config/config.js?2bddbc15"></script>
<script defer src="//play.pokemonshowdown.com/js/lib/jquery-1.11.0.min.js"></script>
<script defer src="//play.pokemonshowdown.com/js/lib/html-sanitizer-minified.js"></script>
<script defer src="//play.pokemonshowdown.com/js/battle-sound.js"></script>
<script defer src="//play.pokemonshowdown.com/js/battledata.js?0.7209276989879541"></script>
<script defer src="//play.pokemonshowdown.com/data/pokedex-mini.js?0.6111056340867951"></script>
<script defer src="//play.pokemonshowdown.com/data/pokedex-mini-bw.js?0.3532142036491459"></script>
<script defer src="//play.pokemonshowdown.com/data/graphics.js?0.24223875632456182"></script>
<script defer src="//play.pokemonshowdown.com/data/pokedex.js?0.38839984266356864"></script>
<script defer src="//play.pokemonshowdown.com/data/moves.js?0.21866028504024015"></script>
<script defer src="//play.pokemonshowdown.com/data/abilities.js?0.2005157953846628"></script>
<script defer src="//play.pokemonshowdown.com/data/items.js?0.9894211263848525"></script>
<script defer src="//play.pokemonshowdown.com/data/teambuilder-tables.js?0.6008791140282215"></script>
<script defer src="//play.pokemonshowdown.com/js/battle-tooltips.js?0.7580118955022959"></script>
<script defer src="//play.pokemonshowdown.com/js/battle.js?0.6057722274234274"></script>

<script defer src="js/utils.js?e31f9a17"></script>
<script defer src="js/replays-battle.js?7008c182"></script>

<!-- don't scrape this data! just add .json or .log after the URL!
Full API docs: https://github.com/smogon/pokemon-showdown-client/blob/master/WEB-API.md -->
<script type="text/plain" class="log" id="replaylog-smogtours-gen3ou-796556">
|inactive|Battle timer is ON: inactive players will automatically lose when time's up.
|t:|1728435198
|gametype|singles
|player|p1|almarkowbender|1|
|player|p2|Please ban rachi|266|
|teamsize|p1|6
|teamsize|p2|6
|gen|3
|tier|[Gen 3] OU
|rule|Sleep Clause Mod: Limit one foe put to sleep
|rule|Switch Priority Clause Mod: Faster Pokémon switch first
|rule|Species Clause: Limit one of each Pokémon
|rule|OHKO Clause: OHKO moves are banned
|rule|Evasion Items Clause: Evasion items are banned
|rule|Evasion Moves Clause: Evasion moves are banned
|rule|Endless Battle Clause: Forcing endless battles is banned
|rule|HP Percentage Mod: HP is shown in percentages
|rule|One Boost Passer Clause: Limit one Baton Passer that has a way to boost its stats
|rule|Freeze Clause Mod: Limit one foe frozen
|
|t:|1728435198
|start
|switch|p1a: Salamence|Salamence, M|100/100
|switch|p2a: Salamence|Salamence, F|100/100
|-ability|p2a: Salamence|Intimidate|boost
|-unboost|p1a: Salamence|atk|1
|-ability|p1a: Salamence|Intimidate|boost
|-unboost|p2a: Salamence|atk|1
|turn|1
|
|t:|1728435210
|switch|p2a: Blissey|Blissey, F|100/100
|switch|p1a: Swampert|Swampert, M|100/100
|
|upkeep
|turn|2
|
|t:|1728435219
|move|p1a: Swampert|Protect|p1a: Swampert
|-singleturn|p1a: Swampert|Protect
|move|p2a: Blissey|Toxic|p1a: Swampert
|-activate|p1a: Swampert|Protect
|
|upkeep
|turn|3
|
|t:|1728435227
|switch|p1a: Snorlax|Snorlax, F|100/100
|move|p2a: Blissey|Toxic|p1a: Snorlax
|-immune|p1a: Snorlax|[from] ability: Immunity
|
|upkeep
|turn|4
|
|t:|1728435237
|switch|p2a: Metagross|Metagross|100/100
|move|p1a: Snorlax|Body Slam|p2a: Metagross
|-resisted|p2a: Metagross
|-damage|p2a: Metagross|87/100
|
|-heal|p2a: Metagross|93/100|[from] item: Leftovers
|upkeep
|turn|5
|
|t:|1728435252
|switch|p1a: Swampert|Swampert, M|100/100
|move|p2a: Metagross|Meteor Mash|p1a: Swampert
|-resisted|p1a: Swampert
|-damage|p1a: Swampert|82/100
|
|-heal|p2a: Metagross|99/100|[from] item: Leftovers
|-heal|p1a: Swampert|88/100|[from] item: Leftovers
|upkeep
|turn|6
|
|t:|1728435275
|switch|p2a: Blissey|Blissey, F|100/100
|move|p1a: Swampert|Earthquake|p2a: Blissey
|-damage|p2a: Blissey|60/100
|
|-heal|p2a: Blissey|66/100|[from] item: Leftovers
|-heal|p1a: Swampert|94/100|[from] item: Leftovers
|upkeep
|turn|7
|
|t:|1728435287
|move|p1a: Swampert|Protect|p1a: Swampert
|-singleturn|p1a: Swampert|Protect
|move|p2a: Blissey|Toxic|p1a: Swampert
|-activate|p1a: Swampert|Protect
|
|-heal|p2a: Blissey|72/100|[from] item: Leftovers
|-heal|p1a: Swampert|99/100|[from] item: Leftovers
|upkeep
|turn|8
|
|t:|1728435291
|switch|p1a: Snorlax|Snorlax, F|100/100
|move|p2a: Blissey|Toxic|p1a: Snorlax|[miss]
|-miss|p2a: Blissey|p1a: Snorlax
|
|-heal|p2a: Blissey|78/100|[from] item: Leftovers
|upkeep
|turn|9
|
|t:|1728435307
|switch|p2a: Metagross|Metagross|99/100
|move|p1a: Snorlax|Earthquake|p2a: Metagross
|-supereffective|p2a: Metagross
|-damage|p2a: Metagross|53/100
|
|-heal|p2a: Metagross|59/100|[from] item: Leftovers
|upkeep
|turn|10
|
|t:|1728435327
|switch|p1a: Swampert|Swampert, M|99/100
|move|p2a: Metagross|Meteor Mash|p1a: Swampert
|-resisted|p1a: Swampert
|-damage|p1a: Swampert|82/100
|
|-heal|p2a: Metagross|65/100|[from] item: Leftovers
|-heal|p1a: Swampert|88/100|[from] item: Leftovers
|upkeep
|turn|11
|
|t:|1728435333
|move|p2a: Metagross|Protect|p2a: Metagross
|-singleturn|p2a: Metagross|Protect
|move|p1a: Swampert|Earthquake|p2a: Metagross
|-activate|p2a: Metagross|Protect
|
|-heal|p2a: Metagross|71/100|[from] item: Leftovers
|-heal|p1a: Swampert|95/100|[from] item: Leftovers
|upkeep
|turn|12
|
|t:|1728435345
|switch|p2a: Blissey|Blissey, F|78/100
|move|p1a: Swampert|Ice Beam|p2a: Blissey
|-damage|p2a: Blissey|70/100
|-status|p2a: Blissey|frz
|
|-heal|p2a: Blissey|76/100 frz|[from] item: Leftovers
|-heal|p1a: Swampert|100/100|[from] item: Leftovers
|upkeep
|turn|13
|
|t:|1728435348
|-curestatus|p2a: Blissey|frz|[from] ability: Natural Cure
|switch|p2a: Suicune|Suicune|100/100
|move|p1a: Swampert|Earthquake|p2a: Suicune
|-crit|p2a: Suicune
|-damage|p2a: Suicune|55/100
|
|-heal|p2a: Suicune|61/100|[from] item: Leftovers
|upkeep
|turn|14
|inactive|Please ban rachi has 270 seconds left.
|
|t:|1728435401
|switch|p1a: Snorlax|Snorlax, F|100/100
|move|p2a: Suicune|Calm Mind|p2a: Suicune
|-boost|p2a: Suicune|spa|1
|-boost|p2a: Suicune|spd|1
|
|-heal|p2a: Suicune|67/100|[from] item: Leftovers
|upkeep
|turn|15
|
|t:|1728435419
|move|p2a: Suicune|Calm Mind|p2a: Suicune
|-boost|p2a: Suicune|spa|1
|-boost|p2a: Suicune|spd|1
|move|p1a: Snorlax|Body Slam|p2a: Suicune
|-damage|p2a: Suicune|44/100
|
|-heal|p2a: Suicune|50/100|[from] item: Leftovers
|upkeep
|turn|16
|
|t:|1728435431
|move|p2a: Suicune|Rest|p2a: Suicune
|-status|p2a: Suicune|slp|[from] move: Rest
|-heal|p2a: Suicune|100/100 slp|[silent]
|move|p1a: Snorlax|Self-Destruct|p2a: Suicune
|-damage|p2a: Suicune|0 fnt
|faint|p1a: Snorlax
|faint|p2a: Suicune
|
|t:|1728435437
|switch|p2a: Metagross|Metagross|71/100
|switch|p1a: Swampert|Swampert, M|100/100
|
|-heal|p2a: Metagross|77/100|[from] item: Leftovers
|upkeep
|turn|17
|
|t:|1728435453
|move|p2a: Metagross|Protect|p2a: Metagross
|-singleturn|p2a: Metagross|Protect
|move|p1a: Swampert|Earthquake|p2a: Metagross
|-activate|p2a: Metagross|Protect
|
|-heal|p2a: Metagross|83/100|[from] item: Leftovers
|upkeep
|turn|18
|
|t:|1728435460
|move|p2a: Metagross|Explosion|p1a: Swampert
|-damage|p1a: Swampert|0 fnt
|faint|p2a: Metagross
|faint|p1a: Swampert
|
|t:|1728435479
|switch|p2a: Magneton|Magneton|100/100
|switch|p1a: Celebi|Celebi|100/100
|
|upkeep
|turn|19
|
|t:|1728435490
|switch|p1a: Dugtrio|Dugtrio, F|100/100
|move|p2a: Magneton|Hidden Power|p1a: Dugtrio
|-damage|p1a: Dugtrio|41/100
|
|upkeep
|turn|20
|
|t:|1728435498
|move|p1a: Dugtrio|Earthquake|p2a: Magneton
|-supereffective|p2a: Magneton
|-damage|p2a: Magneton|0 fnt
|faint|p2a: Magneton
|
|t:|1728435505
|switch|p2a: Salamence|Salamence, F|100/100
|-ability|p2a: Salamence|Intimidate|boost
|-unboost|p1a: Dugtrio|atk|1
|
|upkeep
|turn|21
|
|t:|1728435510
|switch|p1a: Magneton|Magneton|100/100
|move|p2a: Salamence|Hidden Power|p1a: Magneton
|-resisted|p1a: Magneton
|-damage|p1a: Magneton|80/100
|
|upkeep
|turn|22
|inactive|Please ban rachi has 270 seconds left.
|
|t:|1728435538
|switch|p2a: Blissey|Blissey, F|76/100
|move|p1a: Magneton|Toxic|p2a: Blissey|[miss]
|-miss|p1a: Magneton|p2a: Blissey
|
|-heal|p2a: Blissey|82/100|[from] item: Leftovers
|upkeep
|turn|23
|inactive|Please ban rachi has 240 seconds left.
|
|t:|1728435577
|switch|p2a: Claydol|Claydol|100/100
|move|p1a: Magneton|Toxic|p2a: Claydol|[miss]
|-miss|p1a: Magneton|p2a: Claydol
|
|upkeep
|turn|24
|inactive|Please ban rachi has 240 seconds left.
|
|t:|1728435587
|switch|p1a: Celebi|Celebi|100/100
|move|p2a: Claydol|Earthquake|p1a: Celebi
|-resisted|p1a: Celebi
|-damage|p1a: Celebi|87/100
|
|-heal|p1a: Celebi|94/100|[from] item: Leftovers
|upkeep
|turn|25
|
|t:|1728435591
|move|p1a: Celebi|Leech Seed|p2a: Claydol
|-start|p2a: Claydol|move: Leech Seed
|move|p2a: Claydol|Explosion|p1a: Celebi
|-damage|p1a: Celebi|16/100
|faint|p2a: Claydol
|inactive|Please ban rachi has 240 seconds left.
|
|t:|1728435607
|switch|p2a: Salamence|Salamence, F|100/100
|-ability|p2a: Salamence|Intimidate|boost
|-unboost|p1a: Celebi|atk|1
|
|-heal|p1a: Celebi|22/100|[from] item: Leftovers
|upkeep
|turn|26
|
|t:|1728435609
|move|p2a: Salamence|Hidden Power|p1a: Celebi
|-supereffective|p1a: Celebi
|-damage|p1a: Celebi|0 fnt
|faint|p1a: Celebi
|
|t:|1728435612
|switch|p1a: Salamence|Salamence, M|100/100
|-ability|p1a: Salamence|Intimidate|boost
|-unboost|p2a: Salamence|atk|1
|
|upkeep
|turn|27
|inactive|almarkowbender has 270 seconds left.
|
|t:|1728435655
|switch|p2a: Blissey|Blissey, F|82/100
|move|p1a: Salamence|Hidden Power|p2a: Blissey
|-damage|p2a: Blissey|15/100
|
|-heal|p2a: Blissey|21/100|[from] item: Leftovers
|upkeep
|turn|28
|
|t:|1728435665
|move|p1a: Salamence|Hidden Power|p2a: Blissey
|-damage|p2a: Blissey|0 fnt
|faint|p2a: Blissey
|
|t:|1728435667
|switch|p2a: Salamence|Salamence, F|100/100
|-ability|p2a: Salamence|Intimidate|boost
|-unboost|p1a: Salamence|atk|1
|
|upkeep
|turn|29
|inactive|Please ban rachi has 270 seconds left.
|inactive|almarkowbender has 270 seconds left.
|
|t:|1728435685
|switch|p1a: Magneton|Magneton|80/100
|move|p2a: Salamence|Hidden Power|p1a: Magneton
|-resisted|p1a: Magneton
|-damage|p1a: Magneton|60/100
|
|upkeep
|turn|30
|inactive|Please ban rachi has 270 seconds left.
|
|t:|1728435694
|move|p2a: Salamence|Hidden Power|p1a: Magneton
|-resisted|p1a: Magneton
|-damage|p1a: Magneton|40/100
|move|p1a: Magneton|Thunder Wave|p2a: Salamence
|-status|p2a: Salamence|par
|
|upkeep
|turn|31
|inactive|Please ban rachi has 270 seconds left.
|
|t:|1728435712
|move|p1a: Magneton|Thunderbolt|p2a: Salamence
|-damage|p2a: Salamence|31/100 par
|move|p2a: Salamence|Hidden Power|p1a: Magneton
|-resisted|p1a: Magneton
|-damage|p1a: Magneton|21/100
|
|upkeep
|turn|32
|
|t:|1728435716
|move|p1a: Magneton|Thunderbolt|p2a: Salamence
|-crit|p2a: Salamence
|-damage|p2a: Salamence|0 fnt
|faint|p2a: Salamence
|
|win|almarkowbender
|c|☆almarkowbender|gg

</script>
<script type="application/json" class="data" id="replaydata-smogtours-gen3ou-796556">
{"id":"smogtours-gen3ou-796556","format":"[Gen 3] OU","players":["almarkowbender","Please ban rachi"],"uploadtime":1728435716,"views":92,"formatid":"gen3ou","rating":null,"private":0,"password":null}
</script>

<script defer src="js/replays.js?9d40a366"></script>
