<!DOCTYPE html>
<meta charset="utf-8" />
<meta name="viewport" content="width=device-width" />

<title>[Gen 3] OU: Stypur vs. HexMoonie - Replays - Pok&eacute;mon Showdown!</title>

<meta name="description" content="Watch a replay of a Pok&eacute;mon battle between Stypur and HexMoonie! Format: [Gen 3] OU; Date: Nov 3, 2024" />
<!--

Hey, you! Looking in the source for the replay log?

You can find them in JSON format, just add `.json` at the end of a replay URL.

https://replay.pokemonshowdown.com/gen7randomdoublesbattle-865046831.json

Or, if you only need the log itself, add `.log` instead:

https://replay.pokemonshowdown.com/gen7randomdoublesbattle-865046831.log

-->

<link rel="stylesheet" href="//pokemonshowdown.com/style/global.css?0.023195364461161105" />
<link rel="stylesheet" href="//play.pokemonshowdown.com/style/font-awesome.css?0.13261647063804238" />
<link rel="stylesheet" href="//play.pokemonshowdown.com/style/battle.css?0.8753245789963631" />
<link rel="stylesheet" href="//play.pokemonshowdown.com/style/utilichart.css?0.8627959624976733" />

<!-- Global site tag (gtag.js) - Google Analytics -->
<script async src="https://www.googletagmanager.com/gtag/js?id=UA-26211653-1"></script>
<script>
  window.dataLayer = window.dataLayer || [];
  function gtag(){dataLayer.push(arguments);}
  gtag('js', new Date());

  gtag('config', 'UA-26211653-1');
</script>
<!-- End Google Analytics -->
<!-- Venatus Ad Manager - Install in <HEAD> of page -->
	<script src="https://hb.vntsm.com/v3/live/ad-manager.min.js" type="text/javascript" data-site-id="642aba63ec9a7b11c3c9c1be" data-mode="scan" async></script>
<!-- / Venatus Ad Manager -->

<style>
	@media (max-width:820px) {
		.battle {
			margin: 0 auto;
		}
		.battle-log {
			margin: 7px auto 0;
			max-width: 640px;
			height: 300px;
			position: static;
		}
	}
	.optgroup {
		display: inline-block;
		line-height: 22px;
		font-size: 10pt;
	}
	.optgroup .button {
		height: 25px;
		padding-top: 0;
		padding-bottom: 0;
	}
	.optgroup button.button {
		padding-left: 12px;
		padding-right: 12px;
	}
	.linklist {
		list-style: none;
		margin: 0.5em 0;
		padding: 0;
	}
	.linklist li {
		padding: 2px 0;
	}
	.sidebar {
		float: left;
		width: 320px;
	}
	.bar-wrapper {
		max-width: 1100px;
		margin: 0 auto;
	}
	.bar-wrapper.has-sidebar {
		max-width: 1430px;
	}
	.mainbar {
		margin: 0;
		padding-right: 1px;
	}
	.mainbar.has-sidebar {
		margin-left: 330px;
	}
	@media (min-width: 1511px) {
		.sidebar {
			width: 400px;
		}
		.bar-wrapper.has-sidebar {
			max-width: 1510px;
		}
		.mainbar.has-sidebar {
			margin-left: 410px;
		}
	}
	.section.first-section {
		margin-top: 9px;
	}
	.blocklink small {
		white-space: normal;
	}
	.button {
		vertical-align: middle;
	}
	.replay-controls {
		padding-top: 10px;
	}
	.replay-controls h1 {
		font-size: 16pt;
		font-weight: normal;
		color: #CCC;
	}
	.pagelink {
		text-align: center;
	}
	.pagelink a {
		width: 150px;
	}
	.textbox, .button {
		font-size: 11pt;
		vertical-align: middle;
	}
	@media (max-width: 450px) {
		.button {
			font-size: 9pt;
		}
	}
</style>

<div>

	<header>
		<div class="nav-wrapper"><ul class="nav">
			<li><a class="button nav-first" href="//pokemonshowdown.com/"><img src="//pokemonshowdown.com/images/pokemonshowdownbeta.png" srcset="//pokemonshowdown.com/images/pokemonshowdownbeta.png 1x, //pokemonshowdown.com/images/pokemonshowdownbeta@2x.png 2x" alt="Pok&eacute;mon Showdown" width="146" height="44" /> Home</a></li>
			<li><a class="button" href="//pokemonshowdown.com/dex/">Pok&eacute;dex</a></li>
			<li><a class="button cur" href="/">Replays</a></li>
			<li><a class="button" href="//pokemonshowdown.com/ladder/">Ladder</a></li>
			<li><a class="button nav-last" href="//pokemonshowdown.com/forums/">Forum</a></li>
			<li><a class="button greenbutton nav-first nav-last" href="//play.pokemonshowdown.com/">Play</a></li>
		</ul></div>
	</header>

	<div class="main" id="main">

		<noscript><section class="section">You need to enable JavaScript to use this page; sorry!</section></noscript>

	</div>

</div>

<script defer nomodule src="//play.pokemonshowdown.com/js/lib/ps-polyfill.js"></script>
<script defer src="//play.pokemonshowdown.com/js/lib/preact.min.js"></script>

<script defer src="//play.pokemonshowdown.com/config/config.js?2bddbc15"></script>
<script defer src="//play.pokemonshowdown.com/js/lib/jquery-1.11.0.min.js"></script>
<script defer src="//play.pokemonshowdown.com/js/lib/html-sanitizer-minified.js"></script>
<script defer src="//play.pokemonshowdown.com/js/battle-sound.js"></script>
<script defer src="//play.pokemonshowdown.com/js/battledata.js?0.7209276989879541"></script>
<script defer src="//play.pokemonshowdown.com/data/pokedex-mini.js?0.6111056340867951"></script>
<script defer src="//play.pokemonshowdown.com/data/pokedex-mini-bw.js?0.3532142036491459"></script>
<script defer src="//play.pokemonshowdown.com/data/graphics.js?0.24223875632456182"></script>
<script defer src="//play.pokemonshowdown.com/data/pokedex.js?0.38839984266356864"></script>
<script defer src="//play.pokemonshowdown.com/data/moves.js?0.21866028504024015"></script>
<script defer src="//play.pokemonshowdown.com/data/abilities.js?0.2005157953846628"></script>
<script defer src="//play.pokemonshowdown.com/data/items.js?0.9894211263848525"></script>
<script defer src="//play.pokemonshowdown.com/data/teambuilder-tables.js?0.6008791140282215"></script>
<script defer src="//play.pokemonshowdown.com/js/battle-tooltips.js?0.7580118955022959"></script>
<script defer src="//play.pokemonshowdown.com/js/battle.js?0.6057722274234274"></script>

<script defer src="js/utils.js?e31f9a17"></script>
<script defer src="js/replays-battle.js?7008c182"></script>

<!-- don't scrape this data! just add .json or .log after the URL!
Full API docs: https://github.com/smogon/pokemon-showdown-client/blob/master/WEB-API.md -->
<script type="text/plain" class="log" id="replaylog-smogtours-gen3ou-804543">
|inactive|Battle timer is ON: inactive players will automatically lose when time's up.
|t:|1730664822
|gametype|singles
|player|p1|Stypur|2|
|player|p2|HexMoonie|hexmaniac-gen6|
|teamsize|p1|6
|teamsize|p2|6
|gen|3
|tier|[Gen 3] OU
|rule|Sleep Clause Mod: Limit one foe put to sleep
|rule|Switch Priority Clause Mod: Faster Pokémon switch first
|rule|Species Clause: Limit one of each Pokémon
|rule|OHKO Clause: OHKO moves are banned
|rule|Evasion Items Clause: Evasion items are banned
|rule|Evasion Moves Clause: Evasion moves are banned
|rule|Endless Battle Clause: Forcing endless battles is banned
|rule|HP Percentage Mod: HP is shown in percentages
|rule|One Boost Passer Clause: Limit one Baton Passer that has a way to boost its stats
|rule|Freeze Clause Mod: Limit one foe frozen
|
|t:|1730664822
|start
|switch|p1a: Regirock|Regirock|100/100
|switch|p2a: Blaziken|Blaziken, F|100/100
|turn|1
|
|t:|1730664835
|switch|p2a: Skarmory|Skarmory, M|100/100
|move|p1a: Regirock|Earthquake|p2a: Skarmory
|-immune|p2a: Skarmory
|
|upkeep
|turn|2
|
|t:|1730664850
|switch|p1a: Magneton|Magneton|100/100
|move|p2a: Skarmory|Toxic|p1a: Magneton
|-immune|p1a: Magneton
|
|upkeep
|turn|3
|
|t:|1730664855
|move|p1a: Magneton|Thunderbolt|p2a: Skarmory
|-supereffective|p2a: Skarmory
|-damage|p2a: Skarmory|0 fnt
|faint|p2a: Skarmory
|
|t:|1730664879
|switch|p2a: Blaziken|Blaziken, F|100/100
|
|upkeep
|turn|4
|
|t:|1730664888
|switch|p1a: Regirock|Regirock|100/100
|move|p2a: Blaziken|Fire Blast|p1a: Regirock
|-resisted|p1a: Regirock
|-damage|p1a: Regirock|76/100
|
|-heal|p1a: Regirock|82/100|[from] item: Leftovers
|upkeep
|turn|5
|
|t:|1730664909
|switch|p2a: Starmie|Starmie|100/100
|move|p1a: Regirock|Thunder Wave|p2a: Starmie
|-status|p2a: Starmie|par
|
|-heal|p1a: Regirock|88/100|[from] item: Leftovers
|upkeep
|turn|6
|
|t:|1730664917
|switch|p1a: Snorlax|Snorlax, M|100/100
|move|p2a: Starmie|Hydro Pump|p1a: Snorlax
|-damage|p1a: Snorlax|73/100
|
|-heal|p1a: Snorlax|80/100|[from] item: Leftovers
|upkeep
|turn|7
|inactive|HexMoonie has 270 seconds left.
|
|t:|1730664945
|move|p1a: Snorlax|Curse|p1a: Snorlax
|-unboost|p1a: Snorlax|spe|1
|-boost|p1a: Snorlax|atk|1
|-boost|p1a: Snorlax|def|1
|move|p2a: Starmie|Thunder Wave|p1a: Snorlax
|-status|p1a: Snorlax|par
|
|-heal|p1a: Snorlax|86/100 par|[from] item: Leftovers
|upkeep
|turn|8
|inactive|HexMoonie has 270 seconds left.
|
|t:|1730664957
|-curestatus|p2a: Starmie|par|[from] ability: Natural Cure
|switch|p2a: Claydol|Claydol|100/100
|move|p1a: Snorlax|Shadow Ball|p2a: Claydol
|-supereffective|p2a: Claydol
|-crit|p2a: Claydol
|-damage|p2a: Claydol|0 fnt
|faint|p2a: Claydol
|inactive|HexMoonie has 270 seconds left.
|
|t:|1730664975
|switch|p2a: Blaziken|Blaziken, F|100/100
|
|-heal|p1a: Snorlax|92/100 par|[from] item: Leftovers
|upkeep
|turn|9
|
|t:|1730665003
|move|p2a: Blaziken|Brick Break|p1a: Snorlax
|-supereffective|p1a: Snorlax
|-damage|p1a: Snorlax|48/100 par
|move|p1a: Snorlax|Earthquake|p2a: Blaziken
|-supereffective|p2a: Blaziken
|-damage|p2a: Blaziken|0 fnt
|faint|p2a: Blaziken
|inactive|HexMoonie has 270 seconds left.
|
|t:|1730665008
|switch|p2a: Celebi|Celebi|100/100
|
|-heal|p1a: Snorlax|54/100 par|[from] item: Leftovers
|upkeep
|turn|10
|
|t:|1730665023
|move|p2a: Celebi|Calm Mind|p2a: Celebi
|-boost|p2a: Celebi|spa|1
|-boost|p2a: Celebi|spd|1
|move|p1a: Snorlax|Self-Destruct|p2a: Celebi
|-damage|p2a: Celebi|0 fnt
|faint|p1a: Snorlax
|faint|p2a: Celebi
|
|t:|1730665031
|switch|p2a: Starmie|Starmie|100/100
|switch|p1a: Metagross|Metagross|100/100
|
|upkeep
|turn|11
|inactive|Stypur has 270 seconds left.
|
|t:|1730665077
|move|p2a: Starmie|Hydro Pump|p1a: Metagross
|-damage|p1a: Metagross|47/100
|move|p1a: Metagross|Earthquake|p2a: Starmie
|-damage|p2a: Starmie|46/100
|
|-heal|p2a: Starmie|52/100|[from] item: Leftovers
|-heal|p1a: Metagross|53/100|[from] item: Leftovers
|upkeep
|turn|12
|
|t:|1730665084
|move|p2a: Starmie|Hydro Pump|p1a: Metagross
|-damage|p1a: Metagross|0 fnt
|faint|p1a: Metagross
|inactive|Stypur has 240 seconds left.
|
|t:|1730665113
|switch|p1a: Magneton|Magneton|100/100
|
|-heal|p2a: Starmie|58/100|[from] item: Leftovers
|upkeep
|turn|13
|
|t:|1730665119
|switch|p2a: Jolteon|Jolteon, F|100/100
|move|p1a: Magneton|Thunderbolt|p2a: Jolteon
|-immune|p2a: Jolteon|[from] ability: Volt Absorb
|
|upkeep
|turn|14
|inactive|Stypur has 240 seconds left.
|
|t:|1730665148
|switch|p1a: Regirock|Regirock|88/100
|move|p2a: Jolteon|Thunder Wave|p1a: Regirock
|-status|p1a: Regirock|par
|
|-heal|p1a: Regirock|94/100 par|[from] item: Leftovers
|upkeep
|turn|15
|inactive|Stypur has 210 seconds left.
|inactive|HexMoonie has 270 seconds left.
|
|t:|1730665187
|move|p2a: Jolteon|Thunderbolt|p1a: Regirock
|-damage|p1a: Regirock|48/100 par
|cant|p1a: Regirock|par
|
|-heal|p1a: Regirock|54/100 par|[from] item: Leftovers
|upkeep
|turn|16
|
|t:|1730665193
|switch|p2a: Starmie|Starmie|58/100
|cant|p1a: Regirock|par
|
|-heal|p2a: Starmie|64/100|[from] item: Leftovers
|-heal|p1a: Regirock|60/100 par|[from] item: Leftovers
|upkeep
|turn|17
|
|t:|1730665199
|move|p2a: Starmie|Hydro Pump|p1a: Regirock
|-supereffective|p1a: Regirock
|-crit|p1a: Regirock
|-damage|p1a: Regirock|0 fnt
|faint|p1a: Regirock
|
|t:|1730665202
|switch|p1a: Magneton|Magneton|100/100
|
|-heal|p2a: Starmie|70/100|[from] item: Leftovers
|upkeep
|turn|18
|
|t:|1730665210
|move|p2a: Starmie|Thunder Wave|p1a: Magneton
|-status|p1a: Magneton|par
|move|p1a: Magneton|Thunder Wave|p2a: Starmie
|-status|p2a: Starmie|par
|
|-heal|p2a: Starmie|76/100 par|[from] item: Leftovers
|upkeep
|turn|19
|inactive|Stypur has 240 seconds left.
|
|t:|1730665230
|-curestatus|p2a: Starmie|par|[from] ability: Natural Cure
|switch|p2a: Jolteon|Jolteon, F|100/100
|move|p1a: Magneton|Thunderbolt|p2a: Jolteon
|-immune|p2a: Jolteon|[from] ability: Volt Absorb
|
|upkeep
|turn|20
|
|t:|1730665243
|move|p2a: Jolteon|Thunderbolt|p1a: Magneton
|-resisted|p1a: Magneton
|-damage|p1a: Magneton|57/100 par
|move|p1a: Magneton|Thunder Wave|p2a: Jolteon
|-status|p2a: Jolteon|par
|-enditem|p2a: Jolteon|Lum Berry|[eat]
|-curestatus|p2a: Jolteon|par|[msg]
|
|upkeep
|turn|21
|
|t:|1730665251
|move|p2a: Jolteon|Thunderbolt|p1a: Magneton
|-resisted|p1a: Magneton
|-damage|p1a: Magneton|17/100 par
|cant|p1a: Magneton|par
|
|upkeep
|turn|22
|
|t:|1730665255
|move|p2a: Jolteon|Thunderbolt|p1a: Magneton
|-resisted|p1a: Magneton
|-damage|p1a: Magneton|0 fnt
|faint|p1a: Magneton
|
|t:|1730665260
|switch|p1a: Salamence|Salamence, F|100/100
|-ability|p1a: Salamence|Intimidate|boost
|-unboost|p2a: Jolteon|atk|1
|
|upkeep
|turn|23
|
|t:|1730665263
|move|p2a: Jolteon|Hidden Power|p1a: Salamence
|-supereffective|p1a: Salamence
|-damage|p1a: Salamence|0 fnt
|faint|p1a: Salamence
|
|t:|1730665265
|switch|p1a: Suicune|Suicune|100/100
|
|upkeep
|turn|24
|
|t:|1730665270
|move|p2a: Jolteon|Thunderbolt|p1a: Suicune
|-supereffective|p1a: Suicune
|-damage|p1a: Suicune|34/100
|-status|p1a: Suicune|par
|move|p1a: Suicune|Calm Mind|p1a: Suicune
|-boost|p1a: Suicune|spa|1
|-boost|p1a: Suicune|spd|1
|
|-heal|p1a: Suicune|40/100 par|[from] item: Leftovers
|upkeep
|turn|25
|
|t:|1730665275
|move|p2a: Jolteon|Thunderbolt|p1a: Suicune
|-supereffective|p1a: Suicune
|-damage|p1a: Suicune|0 fnt
|faint|p1a: Suicune
|
|win|HexMoonie
|c|☆Stypur|Gg
|c|☆HexMoonie|gg
|player|p1|
|player|p2|
|player|p2|HexMoonie|hexmaniac-gen6|

</script>
<script type="application/json" class="data" id="replaydata-smogtours-gen3ou-804543">
{"id":"smogtours-gen3ou-804543","format":"[Gen 3] OU","players":["Stypur","HexMoonie"],"uploadtime":1730665275,"views":43,"formatid":"gen3ou","rating":null,"private":0,"password":null}
</script>

<script defer src="js/replays.js?9d40a366"></script>
