<!DOCTYPE html>
<meta charset="utf-8" />
<meta name="viewport" content="width=device-width" />

<title>[Gen 3] OU: Chrisjde vs. Gulchittious Boi - Replays - Pok&eacute;mon Showdown!</title>

<meta name="description" content="Watch a replay of a Pok&eacute;mon battle between Chrisjde and Gulchittious Boi! Format: [Gen 3] OU; Date: Oct 6, 2024" />
<!--

Hey, you! Looking in the source for the replay log?

You can find them in JSON format, just add `.json` at the end of a replay URL.

https://replay.pokemonshowdown.com/gen7randomdoublesbattle-865046831.json

Or, if you only need the log itself, add `.log` instead:

https://replay.pokemonshowdown.com/gen7randomdoublesbattle-865046831.log

-->

<link rel="stylesheet" href="//pokemonshowdown.com/style/global.css?0.023195364461161105" />
<link rel="stylesheet" href="//play.pokemonshowdown.com/style/font-awesome.css?0.13261647063804238" />
<link rel="stylesheet" href="//play.pokemonshowdown.com/style/battle.css?0.8753245789963631" />
<link rel="stylesheet" href="//play.pokemonshowdown.com/style/utilichart.css?0.8627959624976733" />

<!-- Global site tag (gtag.js) - Google Analytics -->
<script async src="https://www.googletagmanager.com/gtag/js?id=UA-26211653-1"></script>
<script>
  window.dataLayer = window.dataLayer || [];
  function gtag(){dataLayer.push(arguments);}
  gtag('js', new Date());

  gtag('config', 'UA-26211653-1');
</script>
<!-- End Google Analytics -->
<!-- Venatus Ad Manager - Install in <HEAD> of page -->
	<script src="https://hb.vntsm.com/v3/live/ad-manager.min.js" type="text/javascript" data-site-id="642aba63ec9a7b11c3c9c1be" data-mode="scan" async></script>
<!-- / Venatus Ad Manager -->

<style>
	@media (max-width:820px) {
		.battle {
			margin: 0 auto;
		}
		.battle-log {
			margin: 7px auto 0;
			max-width: 640px;
			height: 300px;
			position: static;
		}
	}
	.optgroup {
		display: inline-block;
		line-height: 22px;
		font-size: 10pt;
	}
	.optgroup .button {
		height: 25px;
		padding-top: 0;
		padding-bottom: 0;
	}
	.optgroup button.button {
		padding-left: 12px;
		padding-right: 12px;
	}
	.linklist {
		list-style: none;
		margin: 0.5em 0;
		padding: 0;
	}
	.linklist li {
		padding: 2px 0;
	}
	.sidebar {
		float: left;
		width: 320px;
	}
	.bar-wrapper {
		max-width: 1100px;
		margin: 0 auto;
	}
	.bar-wrapper.has-sidebar {
		max-width: 1430px;
	}
	.mainbar {
		margin: 0;
		padding-right: 1px;
	}
	.mainbar.has-sidebar {
		margin-left: 330px;
	}
	@media (min-width: 1511px) {
		.sidebar {
			width: 400px;
		}
		.bar-wrapper.has-sidebar {
			max-width: 1510px;
		}
		.mainbar.has-sidebar {
			margin-left: 410px;
		}
	}
	.section.first-section {
		margin-top: 9px;
	}
	.blocklink small {
		white-space: normal;
	}
	.button {
		vertical-align: middle;
	}
	.replay-controls {
		padding-top: 10px;
	}
	.replay-controls h1 {
		font-size: 16pt;
		font-weight: normal;
		color: #CCC;
	}
	.pagelink {
		text-align: center;
	}
	.pagelink a {
		width: 150px;
	}
	.textbox, .button {
		font-size: 11pt;
		vertical-align: middle;
	}
	@media (max-width: 450px) {
		.button {
			font-size: 9pt;
		}
	}
</style>

<div>

	<header>
		<div class="nav-wrapper"><ul class="nav">
			<li><a class="button nav-first" href="//pokemonshowdown.com/"><img src="//pokemonshowdown.com/images/pokemonshowdownbeta.png" srcset="//pokemonshowdown.com/images/pokemonshowdownbeta.png 1x, //pokemonshowdown.com/images/pokemonshowdownbeta@2x.png 2x" alt="Pok&eacute;mon Showdown" width="146" height="44" /> Home</a></li>
			<li><a class="button" href="//pokemonshowdown.com/dex/">Pok&eacute;dex</a></li>
			<li><a class="button cur" href="/">Replays</a></li>
			<li><a class="button" href="//pokemonshowdown.com/ladder/">Ladder</a></li>
			<li><a class="button nav-last" href="//pokemonshowdown.com/forums/">Forum</a></li>
			<li><a class="button greenbutton nav-first nav-last" href="//play.pokemonshowdown.com/">Play</a></li>
		</ul></div>
	</header>

	<div class="main" id="main">

		<noscript><section class="section">You need to enable JavaScript to use this page; sorry!</section></noscript>

	</div>

</div>

<script defer nomodule src="//play.pokemonshowdown.com/js/lib/ps-polyfill.js"></script>
<script defer src="//play.pokemonshowdown.com/js/lib/preact.min.js"></script>

<script defer src="//play.pokemonshowdown.com/config/config.js?2bddbc15"></script>
<script defer src="//play.pokemonshowdown.com/js/lib/jquery-1.11.0.min.js"></script>
<script defer src="//play.pokemonshowdown.com/js/lib/html-sanitizer-minified.js"></script>
<script defer src="//play.pokemonshowdown.com/js/battle-sound.js"></script>
<script defer src="//play.pokemonshowdown.com/js/battledata.js?0.7209276989879541"></script>
<script defer src="//play.pokemonshowdown.com/data/pokedex-mini.js?0.6111056340867951"></script>
<script defer src="//play.pokemonshowdown.com/data/pokedex-mini-bw.js?0.3532142036491459"></script>
<script defer src="//play.pokemonshowdown.com/data/graphics.js?0.24223875632456182"></script>
<script defer src="//play.pokemonshowdown.com/data/pokedex.js?0.38839984266356864"></script>
<script defer src="//play.pokemonshowdown.com/data/moves.js?0.21866028504024015"></script>
<script defer src="//play.pokemonshowdown.com/data/abilities.js?0.2005157953846628"></script>
<script defer src="//play.pokemonshowdown.com/data/items.js?0.9894211263848525"></script>
<script defer src="//play.pokemonshowdown.com/data/teambuilder-tables.js?0.6008791140282215"></script>
<script defer src="//play.pokemonshowdown.com/js/battle-tooltips.js?0.7580118955022959"></script>
<script defer src="//play.pokemonshowdown.com/js/battle.js?0.6057722274234274"></script>

<script defer src="js/utils.js?e31f9a17"></script>
<script defer src="js/replays-battle.js?7008c182"></script>

<!-- don't scrape this data! just add .json or .log after the URL!
Full API docs: https://github.com/smogon/pokemon-showdown-client/blob/master/WEB-API.md -->
<script type="text/plain" class="log" id="replaylog-smogtours-gen3ou-795796">
|inactive|Battle timer is ON: inactive players will automatically lose when time's up.
|t:|1728237810
|gametype|singles
|player|p1|Chrisjde|rocketgrunt|
|player|p2|Gulchittious Boi|scientist-gen4dp|
|teamsize|p1|6
|teamsize|p2|6
|gen|3
|tier|[Gen 3] OU
|rule|Sleep Clause Mod: Limit one foe put to sleep
|rule|Switch Priority Clause Mod: Faster Pokémon switch first
|rule|Species Clause: Limit one of each Pokémon
|rule|OHKO Clause: OHKO moves are banned
|rule|Evasion Items Clause: Evasion items are banned
|rule|Evasion Moves Clause: Evasion moves are banned
|rule|Endless Battle Clause: Forcing endless battles is banned
|rule|HP Percentage Mod: HP is shown in percentages
|rule|One Boost Passer Clause: Limit one Baton Passer that has a way to boost its stats
|rule|Freeze Clause Mod: Limit one foe frozen
|
|t:|1728237810
|start
|switch|p1a: Forretress|Forretress, F|100/100
|switch|p2a: Jolteon|Jolteon, M|100/100
|turn|1
|
|t:|1728237823
|move|p2a: Jolteon|Thunder Wave|p1a: Forretress
|-status|p1a: Forretress|par
|move|p1a: Forretress|Rapid Spin|p2a: Jolteon
|-damage|p2a: Jolteon|93/100
|
|-heal|p2a: Jolteon|99/100|[from] item: Leftovers
|upkeep
|turn|2
|
|t:|1728237831
|switch|p2a: Swampert|Swampert, M|100/100
|move|p1a: Forretress|Spikes|p2a: Swampert
|-sidestart|p2: Gulchittious Boi|Spikes
|
|upkeep
|turn|3
|
|t:|1728237839
|move|p2a: Swampert|Surf|p1a: Forretress
|-damage|p1a: Forretress|61/100 par
|move|p1a: Forretress|Spikes|p2a: Swampert
|-sidestart|p2: Gulchittious Boi|Spikes
|
|-heal|p1a: Forretress|67/100 par|[from] item: Leftovers
|upkeep
|turn|4
|
|t:|1728237846
|switch|p1a: Salamence|Salamence, M|100/100
|-ability|p1a: Salamence|Intimidate|boost
|-unboost|p2a: Swampert|atk|1
|move|p2a: Swampert|Surf|p1a: Salamence
|-resisted|p1a: Salamence
|-damage|p1a: Salamence|76/100
|
|-heal|p1a: Salamence|82/100|[from] item: Leftovers
|upkeep
|turn|5
|
|t:|1728237855
|switch|p2a: Gengar|Gengar, M|100/100
|move|p1a: Salamence|Hidden Power|p2a: Gengar
|-resisted|p2a: Gengar
|-damage|p2a: Gengar|82/100
|
|-heal|p2a: Gengar|89/100|[from] item: Leftovers
|-heal|p1a: Salamence|88/100|[from] item: Leftovers
|upkeep
|turn|6
|
|t:|1728237860
|switch|p2a: Cloyster|Cloyster, M|100/100
|-damage|p2a: Cloyster|84/100|[from] Spikes
|switch|p1a: Starmie|Starmie|100/100
|
|-heal|p2a: Cloyster|90/100|[from] item: Leftovers
|upkeep
|turn|7
|
|t:|1728237866
|switch|p2a: Jolteon|Jolteon, M|99/100
|-damage|p2a: Jolteon|83/100|[from] Spikes
|move|p1a: Starmie|Thunderbolt|p2a: Jolteon
|-heal|p2a: Jolteon|100/100|[from] ability: Volt Absorb|[of] p1a: Starmie
|
|upkeep
|turn|8
|
|t:|1728237870
|switch|p1a: Forretress|Forretress, F|67/100 par
|move|p2a: Jolteon|Thunderbolt|p1a: Forretress
|-damage|p1a: Forretress|26/100 par
|
|-heal|p1a: Forretress|33/100 par|[from] item: Leftovers
|upkeep
|turn|9
|
|t:|1728237879
|switch|p1a: Starmie|Starmie|100/100
|move|p2a: Jolteon|Thunderbolt|p1a: Starmie
|-supereffective|p1a: Starmie
|-damage|p1a: Starmie|0 fnt
|faint|p1a: Starmie
|
|t:|1728237882
|switch|p1a: Forretress|Forretress, F|33/100 par
|
|-heal|p1a: Forretress|39/100 par|[from] item: Leftovers
|upkeep
|turn|10
|
|t:|1728237888
|move|p2a: Jolteon|Thunderbolt|p1a: Forretress
|-damage|p1a: Forretress|0 fnt
|faint|p1a: Forretress
|
|t:|1728237891
|switch|p1a: Metagross|Metagross|100/100
|
|upkeep
|turn|11
|
|t:|1728237901
|move|p2a: Jolteon|Thunder Wave|p1a: Metagross
|-status|p1a: Metagross|par
|move|p1a: Metagross|Meteor Mash|p2a: Jolteon
|-resisted|p2a: Jolteon
|-damage|p2a: Jolteon|27/100
|
|-heal|p2a: Jolteon|33/100|[from] item: Leftovers
|upkeep
|turn|12
|
|t:|1728237907
|switch|p2a: Swampert|Swampert, M|100/100
|-damage|p2a: Swampert|84/100|[from] Spikes
|cant|p1a: Metagross|par
|
|-heal|p2a: Swampert|90/100|[from] item: Leftovers
|upkeep
|turn|13
|
|t:|1728237913
|switch|p1a: Gengar|Gengar, F|100/100
|move|p2a: Swampert|Ice Beam|p1a: Gengar
|-crit|p1a: Gengar
|-damage|p1a: Gengar|20/100
|
|-heal|p1a: Gengar|26/100|[from] item: Leftovers
|-heal|p2a: Swampert|96/100|[from] item: Leftovers
|upkeep
|turn|14
|
|t:|1728237926
|switch|p2a: Gengar|Gengar, M|89/100
|move|p1a: Gengar|Hidden Power|p2a: Gengar
|-resisted|p2a: Gengar
|-damage|p2a: Gengar|69/100
|
|-heal|p2a: Gengar|75/100|[from] item: Leftovers
|-heal|p1a: Gengar|32/100|[from] item: Leftovers
|upkeep
|turn|15
|
|t:|1728237931
|switch|p1a: Bright Eyes|Jolteon, F|100/100
|move|p2a: Gengar|Ice Punch|p1a: Bright Eyes
|-damage|p1a: Bright Eyes|68/100
|
|-heal|p1a: Bright Eyes|74/100|[from] item: Leftovers
|-heal|p2a: Gengar|81/100|[from] item: Leftovers
|upkeep
|turn|16
|
|t:|1728237941
|move|p1a: Bright Eyes|Baton Pass|p1a: Bright Eyes
|
|t:|1728237945
|switch|p1a: Metagross|Metagross|100/100 par|[from] Baton Pass
|move|p2a: Gengar|Explosion|p1a: Metagross
|-resisted|p1a: Metagross
|-damage|p1a: Metagross|72/100 par
|faint|p2a: Gengar
|
|t:|1728237948
|switch|p2a: Cloyster|Cloyster, M|90/100
|-damage|p2a: Cloyster|73/100|[from] Spikes
|
|-heal|p2a: Cloyster|80/100|[from] item: Leftovers
|upkeep
|turn|17
|
|t:|1728237954
|move|p2a: Cloyster|Spikes|p1a: Metagross
|-sidestart|p1: Chrisjde|Spikes
|move|p1a: Metagross|Explosion|p2a: Cloyster
|-damage|p2a: Cloyster|0 fnt
|faint|p1a: Metagross
|faint|p2a: Cloyster
|
|t:|1728237964
|switch|p2a: Metagross|Metagross|100/100
|switch|p1a: Bright Eyes|Jolteon, F|74/100
|-damage|p1a: Bright Eyes|62/100|[from] Spikes
|-damage|p2a: Metagross|84/100|[from] Spikes
|
|-heal|p1a: Bright Eyes|68/100|[from] item: Leftovers
|upkeep
|turn|18
|
|t:|1728237968
|move|p1a: Bright Eyes|Baton Pass|p1a: Bright Eyes
|
|t:|1728237972
|switch|p1a: Gengar|Gengar, F|32/100|[from] Baton Pass
|move|p2a: Metagross|Explosion|p1a: Gengar
|-immune|p1a: Gengar
|faint|p2a: Metagross
|
|t:|1728237977
|switch|p2a: Tyranitar|Tyranitar, M|100/100
|-damage|p2a: Tyranitar|84/100|[from] Spikes
|-weather|Sandstorm|[from] ability: Sand Stream|[of] p2a: Tyranitar
|
|-weather|Sandstorm|[upkeep]
|-damage|p1a: Gengar|26/100|[from] Sandstorm
|-heal|p1a: Gengar|32/100|[from] item: Leftovers
|upkeep
|turn|19
|
|t:|1728237988
|move|p1a: Gengar|Explosion|p2a: Tyranitar
|-resisted|p2a: Tyranitar
|-damage|p2a: Tyranitar|47/100
|faint|p1a: Gengar
|
|t:|1728237991
|switch|p1a: Salamence|Salamence, M|88/100
|-ability|p1a: Salamence|Intimidate|boost
|-unboost|p2a: Tyranitar|atk|1
|
|-weather|Sandstorm|[upkeep]
|-damage|p1a: Salamence|82/100|[from] Sandstorm
|-heal|p1a: Salamence|88/100|[from] item: Leftovers
|upkeep
|turn|20
|
|t:|1728237995
|move|p1a: Salamence|Brick Break|p2a: Tyranitar
|-supereffective|p2a: Tyranitar
|-damage|p2a: Tyranitar|0 fnt
|faint|p2a: Tyranitar
|
|t:|1728237998
|switch|p2a: Jolteon|Jolteon, M|33/100
|-damage|p2a: Jolteon|16/100|[from] Spikes
|
|-weather|Sandstorm|[upkeep]
|-damage|p2a: Jolteon|10/100|[from] Sandstorm
|-damage|p1a: Salamence|82/100|[from] Sandstorm
|-heal|p2a: Jolteon|16/100|[from] item: Leftovers
|-heal|p1a: Salamence|88/100|[from] item: Leftovers
|upkeep
|turn|21
|
|t:|1728238011
|switch|p1a: Bright Eyes|Jolteon, F|68/100
|-damage|p1a: Bright Eyes|55/100|[from] Spikes
|move|p2a: Jolteon|Hidden Power|p1a: Bright Eyes
|-damage|p1a: Bright Eyes|27/100
|
|-weather|Sandstorm|[upkeep]
|-damage|p2a: Jolteon|10/100|[from] Sandstorm
|-damage|p1a: Bright Eyes|20/100|[from] Sandstorm
|-heal|p2a: Jolteon|16/100|[from] item: Leftovers
|-heal|p1a: Bright Eyes|27/100|[from] item: Leftovers
|upkeep
|turn|22
|
|t:|1728238017
|move|p2a: Jolteon|Hidden Power|p1a: Bright Eyes
|-damage|p1a: Bright Eyes|0 fnt
|faint|p1a: Bright Eyes
|
|t:|1728238023
|switch|p1a: Salamence|Salamence, M|88/100
|-ability|p1a: Salamence|Intimidate|boost
|-unboost|p2a: Jolteon|atk|1
|
|-weather|Sandstorm|[upkeep]
|-damage|p2a: Jolteon|10/100|[from] Sandstorm
|-damage|p1a: Salamence|82/100|[from] Sandstorm
|-heal|p2a: Jolteon|16/100|[from] item: Leftovers
|-heal|p1a: Salamence|88/100|[from] item: Leftovers
|upkeep
|turn|23
|c|☆Chrisjde|Boy do I hope that's grass
|
|t:|1728238039
|move|p2a: Jolteon|Thunder Wave|p1a: Salamence
|-status|p1a: Salamence|par
|cant|p1a: Salamence|par
|
|-weather|Sandstorm|[upkeep]
|-damage|p2a: Jolteon|10/100|[from] Sandstorm
|-damage|p1a: Salamence|82/100 par|[from] Sandstorm
|-heal|p2a: Jolteon|16/100|[from] item: Leftovers
|-heal|p1a: Salamence|88/100 par|[from] item: Leftovers
|upkeep
|turn|24
|
|t:|1728238041
|move|p2a: Jolteon|Hidden Power|p1a: Salamence
|-supereffective|p1a: Salamence
|-damage|p1a: Salamence|0 fnt
|faint|p1a: Salamence
|
|win|Gulchittious Boi
|c|☆Chrisjde|Gg

</script>
<script type="application/json" class="data" id="replaydata-smogtours-gen3ou-795796">
{"id":"smogtours-gen3ou-795796","format":"[Gen 3] OU","players":["Chrisjde","Gulchittious Boi"],"uploadtime":1728238041,"views":95,"formatid":"gen3ou","rating":null,"private":0,"password":null}
</script>

<script defer src="js/replays.js?9d40a366"></script>
