<!DOCTYPE html>
<meta charset="utf-8" />
<meta name="viewport" content="width=device-width" />

<title>[Gen 3] OU: Mister Tim vs. verbatim - Replays - Pok&eacute;mon Showdown!</title>

<meta name="description" content="Watch a replay of a Pok&eacute;mon battle between Mister Tim and verbatim! Format: [Gen 3] OU; Date: Oct 21, 2024" />
<!--

Hey, you! Looking in the source for the replay log?

You can find them in JSON format, just add `.json` at the end of a replay URL.

https://replay.pokemonshowdown.com/gen7randomdoublesbattle-865046831.json

Or, if you only need the log itself, add `.log` instead:

https://replay.pokemonshowdown.com/gen7randomdoublesbattle-865046831.log

-->

<link rel="stylesheet" href="//pokemonshowdown.com/style/global.css?0.023195364461161105" />
<link rel="stylesheet" href="//play.pokemonshowdown.com/style/font-awesome.css?0.13261647063804238" />
<link rel="stylesheet" href="//play.pokemonshowdown.com/style/battle.css?0.8753245789963631" />
<link rel="stylesheet" href="//play.pokemonshowdown.com/style/utilichart.css?0.8627959624976733" />

<!-- Global site tag (gtag.js) - Google Analytics -->
<script async src="https://www.googletagmanager.com/gtag/js?id=UA-26211653-1"></script>
<script>
  window.dataLayer = window.dataLayer || [];
  function gtag(){dataLayer.push(arguments);}
  gtag('js', new Date());

  gtag('config', 'UA-26211653-1');
</script>
<!-- End Google Analytics -->
<!-- Venatus Ad Manager - Install in <HEAD> of page -->
	<script src="https://hb.vntsm.com/v3/live/ad-manager.min.js" type="text/javascript" data-site-id="642aba63ec9a7b11c3c9c1be" data-mode="scan" async></script>
<!-- / Venatus Ad Manager -->

<style>
	@media (max-width:820px) {
		.battle {
			margin: 0 auto;
		}
		.battle-log {
			margin: 7px auto 0;
			max-width: 640px;
			height: 300px;
			position: static;
		}
	}
	.optgroup {
		display: inline-block;
		line-height: 22px;
		font-size: 10pt;
	}
	.optgroup .button {
		height: 25px;
		padding-top: 0;
		padding-bottom: 0;
	}
	.optgroup button.button {
		padding-left: 12px;
		padding-right: 12px;
	}
	.linklist {
		list-style: none;
		margin: 0.5em 0;
		padding: 0;
	}
	.linklist li {
		padding: 2px 0;
	}
	.sidebar {
		float: left;
		width: 320px;
	}
	.bar-wrapper {
		max-width: 1100px;
		margin: 0 auto;
	}
	.bar-wrapper.has-sidebar {
		max-width: 1430px;
	}
	.mainbar {
		margin: 0;
		padding-right: 1px;
	}
	.mainbar.has-sidebar {
		margin-left: 330px;
	}
	@media (min-width: 1511px) {
		.sidebar {
			width: 400px;
		}
		.bar-wrapper.has-sidebar {
			max-width: 1510px;
		}
		.mainbar.has-sidebar {
			margin-left: 410px;
		}
	}
	.section.first-section {
		margin-top: 9px;
	}
	.blocklink small {
		white-space: normal;
	}
	.button {
		vertical-align: middle;
	}
	.replay-controls {
		padding-top: 10px;
	}
	.replay-controls h1 {
		font-size: 16pt;
		font-weight: normal;
		color: #CCC;
	}
	.pagelink {
		text-align: center;
	}
	.pagelink a {
		width: 150px;
	}
	.textbox, .button {
		font-size: 11pt;
		vertical-align: middle;
	}
	@media (max-width: 450px) {
		.button {
			font-size: 9pt;
		}
	}
</style>

<div>

	<header>
		<div class="nav-wrapper"><ul class="nav">
			<li><a class="button nav-first" href="//pokemonshowdown.com/"><img src="//pokemonshowdown.com/images/pokemonshowdownbeta.png" srcset="//pokemonshowdown.com/images/pokemonshowdownbeta.png 1x, //pokemonshowdown.com/images/pokemonshowdownbeta@2x.png 2x" alt="Pok&eacute;mon Showdown" width="146" height="44" /> Home</a></li>
			<li><a class="button" href="//pokemonshowdown.com/dex/">Pok&eacute;dex</a></li>
			<li><a class="button cur" href="/">Replays</a></li>
			<li><a class="button" href="//pokemonshowdown.com/ladder/">Ladder</a></li>
			<li><a class="button nav-last" href="//pokemonshowdown.com/forums/">Forum</a></li>
			<li><a class="button greenbutton nav-first nav-last" href="//play.pokemonshowdown.com/">Play</a></li>
		</ul></div>
	</header>

	<div class="main" id="main">

		<noscript><section class="section">You need to enable JavaScript to use this page; sorry!</section></noscript>

	</div>

</div>

<script defer nomodule src="//play.pokemonshowdown.com/js/lib/ps-polyfill.js"></script>
<script defer src="//play.pokemonshowdown.com/js/lib/preact.min.js"></script>

<script defer src="//play.pokemonshowdown.com/config/config.js?2bddbc15"></script>
<script defer src="//play.pokemonshowdown.com/js/lib/jquery-1.11.0.min.js"></script>
<script defer src="//play.pokemonshowdown.com/js/lib/html-sanitizer-minified.js"></script>
<script defer src="//play.pokemonshowdown.com/js/battle-sound.js"></script>
<script defer src="//play.pokemonshowdown.com/js/battledata.js?0.7209276989879541"></script>
<script defer src="//play.pokemonshowdown.com/data/pokedex-mini.js?0.6111056340867951"></script>
<script defer src="//play.pokemonshowdown.com/data/pokedex-mini-bw.js?0.3532142036491459"></script>
<script defer src="//play.pokemonshowdown.com/data/graphics.js?0.24223875632456182"></script>
<script defer src="//play.pokemonshowdown.com/data/pokedex.js?0.38839984266356864"></script>
<script defer src="//play.pokemonshowdown.com/data/moves.js?0.21866028504024015"></script>
<script defer src="//play.pokemonshowdown.com/data/abilities.js?0.2005157953846628"></script>
<script defer src="//play.pokemonshowdown.com/data/items.js?0.9894211263848525"></script>
<script defer src="//play.pokemonshowdown.com/data/teambuilder-tables.js?0.6008791140282215"></script>
<script defer src="//play.pokemonshowdown.com/js/battle-tooltips.js?0.7580118955022959"></script>
<script defer src="//play.pokemonshowdown.com/js/battle.js?0.6057722274234274"></script>

<script defer src="js/utils.js?e31f9a17"></script>
<script defer src="js/replays-battle.js?7008c182"></script>

<!-- don't scrape this data! just add .json or .log after the URL!
Full API docs: https://github.com/smogon/pokemon-showdown-client/blob/master/WEB-API.md -->
<script type="text/plain" class="log" id="replaylog-smogtours-gen3ou-801071">
|inactive|Battle timer is ON: inactive players will automatically lose when time's up.
|t:|1729536085
|gametype|singles
|player|p1|Mister Tim|266|
|player|p2|verbatim|#psstaffm|
|teamsize|p1|6
|teamsize|p2|6
|gen|3
|tier|[Gen 3] OU
|rule|Sleep Clause Mod: Limit one foe put to sleep
|rule|Switch Priority Clause Mod: Faster Pokémon switch first
|rule|Species Clause: Limit one of each Pokémon
|rule|OHKO Clause: OHKO moves are banned
|rule|Evasion Items Clause: Evasion items are banned
|rule|Evasion Moves Clause: Evasion moves are banned
|rule|Endless Battle Clause: Forcing endless battles is banned
|rule|HP Percentage Mod: HP is shown in percentages
|rule|One Boost Passer Clause: Limit one Baton Passer that has a way to boost its stats
|rule|Freeze Clause Mod: Limit one foe frozen
|
|t:|1729536085
|start
|switch|p1a: Salamence|Salamence, M|100/100
|switch|p2a: Lifting the Veil|Jynx, F, shiny|100/100
|-ability|p1a: Salamence|Intimidate|boost
|-unboost|p2a: Lifting the Veil|atk|1
|turn|1
|
|t:|1729536097
|switch|p1a: Snorlax|Snorlax, F|100/100
|move|p2a: Lifting the Veil|Ice Beam|p1a: Snorlax
|-damage|p1a: Snorlax|85/100
|
|upkeep
|turn|2
|
|t:|1729536117
|move|p2a: Lifting the Veil|Perish Song|p2a: Lifting the Veil
|-start|p1a: Snorlax|perish3|[silent]
|-start|p2a: Lifting the Veil|perish3|[silent]
|-fieldactivate|move: Perish Song
|move|p1a: Snorlax|Body Slam|p2a: Lifting the Veil
|-damage|p2a: Lifting the Veil|0 fnt
|faint|p2a: Lifting the Veil
|
|t:|1729536122
|switch|p2a: Eating the Ground|Dugtrio, F|100/100
|
|-start|p1a: Snorlax|perish3
|upkeep
|turn|3
|
|t:|1729536124
|move|p2a: Eating the Ground|Substitute|p2a: Eating the Ground
|-start|p2a: Eating the Ground|Substitute
|-damage|p2a: Eating the Ground|76/100
|move|p1a: Snorlax|Body Slam|p2a: Eating the Ground
|-crit|p2a: Eating the Ground
|-end|p2a: Eating the Ground|Substitute
|
|-start|p1a: Snorlax|perish2
|upkeep
|turn|4
|
|t:|1729536128
|move|p2a: Eating the Ground|Substitute|p2a: Eating the Ground
|-start|p2a: Eating the Ground|Substitute
|-damage|p2a: Eating the Ground|51/100
|move|p1a: Snorlax|Body Slam|p2a: Eating the Ground
|-end|p2a: Eating the Ground|Substitute
|
|-start|p1a: Snorlax|perish1
|upkeep
|turn|5
|
|t:|1729536131
|switch|p2a: lost to the nexus|Gengar, F|100/100
|move|p1a: Snorlax|Body Slam|p2a: lost to the nexus
|-immune|p2a: lost to the nexus
|
|-start|p1a: Snorlax|perish0
|upkeep
|faint|p1a: Snorlax
|
|t:|1729536141
|switch|p1a: Celebi|Celebi|100/100
|turn|6
|
|t:|1729536149
|switch|p2a: Into the Light|Jirachi|100/100
|move|p1a: Celebi|Swords Dance|p1a: Celebi
|-boost|p1a: Celebi|atk|2
|
|upkeep
|turn|7
|
|t:|1729536159
|switch|p2a: Call the Witch|Suicune|100/100
|move|p1a: Celebi|Leech Seed|p2a: Call the Witch
|-start|p2a: Call the Witch|move: Leech Seed
|
|-damage|p2a: Call the Witch|88/100|[from] Leech Seed|[of] p1a: Celebi
|upkeep
|turn|8
|
|t:|1729536163
|move|p1a: Celebi|Baton Pass|p1a: Celebi
|
|t:|1729536173
|switch|p1a: Metagross|Metagross|100/100|[from] Baton Pass
|move|p2a: Call the Witch|Roar|p1a: Metagross
|drag|p1a: Tyranitar|Tyranitar, M|100/100
|-weather|Sandstorm|[from] ability: Sand Stream|[of] p1a: Tyranitar
|
|-weather|Sandstorm|[upkeep]
|-damage|p2a: Call the Witch|82/100|[from] Sandstorm
|-heal|p2a: Call the Witch|88/100|[from] item: Leftovers
|-damage|p2a: Call the Witch|76/100|[from] Leech Seed|[of] p1a: Tyranitar
|upkeep
|turn|9
|
|t:|1729536182
|move|p1a: Tyranitar|Dragon Dance|p1a: Tyranitar
|-boost|p1a: Tyranitar|atk|1
|-boost|p1a: Tyranitar|spe|1
|move|p2a: Call the Witch|Surf|p1a: Tyranitar
|-supereffective|p1a: Tyranitar
|-damage|p1a: Tyranitar|38/100
|
|-weather|Sandstorm|[upkeep]
|-damage|p2a: Call the Witch|69/100|[from] Sandstorm
|-heal|p2a: Call the Witch|76/100|[from] item: Leftovers
|-damage|p2a: Call the Witch|63/100|[from] Leech Seed|[of] p1a: Tyranitar
|-heal|p1a: Tyranitar|53/100|[silent]
|upkeep
|turn|10
|
|t:|1729536189
|move|p1a: Tyranitar|Earthquake|p2a: Call the Witch
|-damage|p2a: Call the Witch|32/100
|move|p2a: Call the Witch|Surf|p1a: Tyranitar
|-supereffective|p1a: Tyranitar
|-damage|p1a: Tyranitar|0 fnt
|faint|p1a: Tyranitar
|
|t:|1729536194
|switch|p1a: Salamence|Salamence, M|100/100
|-ability|p1a: Salamence|Intimidate|boost
|-unboost|p2a: Call the Witch|atk|1
|
|-weather|Sandstorm|[upkeep]
|-damage|p1a: Salamence|94/100|[from] Sandstorm
|-damage|p2a: Call the Witch|26/100|[from] Sandstorm
|-heal|p1a: Salamence|100/100|[from] item: Leftovers
|-heal|p2a: Call the Witch|32/100|[from] item: Leftovers
|-damage|p2a: Call the Witch|19/100|[from] Leech Seed|[of] p1a: Salamence
|upkeep
|turn|11
|
|t:|1729536212
|move|p1a: Salamence|Hidden Power|p2a: Call the Witch
|-damage|p2a: Call the Witch|0 fnt
|faint|p2a: Call the Witch
|
|t:|1729536217
|switch|p2a: Sailing the Skies|Zapdos|100/100
|
|-weather|Sandstorm|[upkeep]
|-damage|p1a: Salamence|94/100|[from] Sandstorm
|-damage|p2a: Sailing the Skies|94/100|[from] Sandstorm
|-heal|p1a: Salamence|100/100|[from] item: Leftovers
|-heal|p2a: Sailing the Skies|100/100|[from] item: Leftovers
|upkeep
|turn|12
|
|t:|1729536220
|switch|p1a: Celebi|Celebi|100/100
|move|p2a: Sailing the Skies|Hidden Power|p1a: Celebi
|-supereffective|p1a: Celebi
|-damage|p1a: Celebi|59/100
|
|-weather|Sandstorm|[upkeep]
|-damage|p2a: Sailing the Skies|94/100|[from] Sandstorm
|-damage|p1a: Celebi|53/100|[from] Sandstorm
|-heal|p2a: Sailing the Skies|100/100|[from] item: Leftovers
|-heal|p1a: Celebi|59/100|[from] item: Leftovers
|upkeep
|turn|13
|
|t:|1729536232
|move|p2a: Sailing the Skies|Thunderbolt|p1a: Celebi
|-resisted|p1a: Celebi
|-damage|p1a: Celebi|40/100
|-status|p1a: Celebi|par
|move|p1a: Celebi|Recover|p1a: Celebi
|-heal|p1a: Celebi|90/100 par
|
|-weather|Sandstorm|[upkeep]
|-damage|p2a: Sailing the Skies|94/100|[from] Sandstorm
|-damage|p1a: Celebi|84/100 par|[from] Sandstorm
|-heal|p2a: Sailing the Skies|100/100|[from] item: Leftovers
|-heal|p1a: Celebi|90/100 par|[from] item: Leftovers
|upkeep
|turn|14
|
|t:|1729536247
|move|p2a: Sailing the Skies|Baton Pass|p2a: Sailing the Skies
|
|t:|1729536248
|switch|p2a: Eating the Ground|Dugtrio, F|51/100|[from] Baton Pass
|move|p1a: Celebi|Swords Dance|p1a: Celebi
|-boost|p1a: Celebi|atk|2
|
|-weather|Sandstorm|[upkeep]
|-damage|p1a: Celebi|84/100 par|[from] Sandstorm
|-heal|p1a: Celebi|90/100 par|[from] item: Leftovers
|upkeep
|turn|15
|
|t:|1729536252
|move|p2a: Eating the Ground|Hidden Power|p1a: Celebi
|-supereffective|p1a: Celebi
|-damage|p1a: Celebi|12/100 par
|move|p1a: Celebi|Baton Pass|p1a: Celebi
|
|t:|1729536257
|-curestatus|p1a: Celebi|par|[from] ability: Natural Cure
|switch|p1a: Salamence|Salamence, M|100/100|[from] Baton Pass
|-ability|p1a: Salamence|Intimidate|boost
|-unboost|p2a: Eating the Ground|atk|1
|
|-weather|Sandstorm|[upkeep]
|-damage|p1a: Salamence|94/100|[from] Sandstorm
|-heal|p1a: Salamence|100/100|[from] item: Leftovers
|upkeep
|turn|16
|
|t:|1729536265
|switch|p2a: Sailing the Skies|Zapdos|100/100
|move|p1a: Salamence|Dragon Dance|p1a: Salamence
|-boost|p1a: Salamence|atk|1
|-boost|p1a: Salamence|spe|1
|
|-weather|Sandstorm|[upkeep]
|-damage|p1a: Salamence|94/100|[from] Sandstorm
|-damage|p2a: Sailing the Skies|94/100|[from] Sandstorm
|-heal|p1a: Salamence|100/100|[from] item: Leftovers
|-heal|p2a: Sailing the Skies|100/100|[from] item: Leftovers
|upkeep
|turn|17
|
|t:|1729536270
|move|p1a: Salamence|Rock Slide|p2a: Sailing the Skies
|-supereffective|p2a: Sailing the Skies
|-damage|p2a: Sailing the Skies|0 fnt
|faint|p2a: Sailing the Skies
|
|t:|1729536273
|switch|p2a: lost to the nexus|Gengar, F|100/100
|
|-weather|Sandstorm|[upkeep]
|-damage|p1a: Salamence|94/100|[from] Sandstorm
|-damage|p2a: lost to the nexus|94/100|[from] Sandstorm
|-heal|p1a: Salamence|100/100|[from] item: Leftovers
|-heal|p2a: lost to the nexus|100/100|[from] item: Leftovers
|upkeep
|turn|18
|
|t:|1729536276
|move|p1a: Salamence|Hidden Power|p2a: lost to the nexus
|-damage|p2a: lost to the nexus|0 fnt
|faint|p2a: lost to the nexus
|
|t:|1729536278
|switch|p2a: Into the Light|Jirachi|100/100
|
|-weather|Sandstorm|[upkeep]
|-damage|p1a: Salamence|94/100|[from] Sandstorm
|-heal|p1a: Salamence|100/100|[from] item: Leftovers
|upkeep
|turn|19
|
|t:|1729536281
|move|p1a: Salamence|Earthquake|p2a: Into the Light
|-supereffective|p2a: Into the Light
|-damage|p2a: Into the Light|0 fnt
|faint|p2a: Into the Light
|
|t:|1729536282
|switch|p2a: Eating the Ground|Dugtrio, F|51/100
|
|-weather|Sandstorm|[upkeep]
|-damage|p1a: Salamence|94/100|[from] Sandstorm
|-heal|p1a: Salamence|100/100|[from] item: Leftovers
|upkeep
|turn|20
|
|t:|1729536284
|move|p1a: Salamence|Earthquake|p2a: Eating the Ground
|-damage|p2a: Eating the Ground|0 fnt
|faint|p2a: Eating the Ground
|
|win|Mister Tim
|c|☆verbatim|gg
|c|☆Mister Tim|ggs

</script>
<script type="application/json" class="data" id="replaydata-smogtours-gen3ou-801071">
{"id":"smogtours-gen3ou-801071","format":"[Gen 3] OU","players":["Mister Tim","verbatim"],"uploadtime":1729536284,"views":94,"formatid":"gen3ou","rating":null,"private":0,"password":null}
</script>

<script defer src="js/replays.js?9d40a366"></script>
