<!DOCTYPE html>
<meta charset="utf-8" />
<meta name="viewport" content="width=device-width" />

<title>[Gen 3] OU: MintChocolateGuy vs. Ramsus776 - Replays - Pok&eacute;mon Showdown!</title>

<meta name="description" content="Watch a replay of a Pok&eacute;mon battle between MintChocolateGuy and Ramsus776! Format: [Gen 3] OU; Date: Oct 25, 2024" />
<!--

Hey, you! Looking in the source for the replay log?

You can find them in JSON format, just add `.json` at the end of a replay URL.

https://replay.pokemonshowdown.com/gen7randomdoublesbattle-865046831.json

Or, if you only need the log itself, add `.log` instead:

https://replay.pokemonshowdown.com/gen7randomdoublesbattle-865046831.log

-->

<link rel="stylesheet" href="//pokemonshowdown.com/style/global.css?0.767286132409787" />
<link rel="stylesheet" href="//play.pokemonshowdown.com/style/font-awesome.css?0.9266228007934947" />
<link rel="stylesheet" href="//play.pokemonshowdown.com/style/battle.css?0.7924700842790926" />
<link rel="stylesheet" href="//play.pokemonshowdown.com/style/utilichart.css?0.8777417872839479" />

<!-- Global site tag (gtag.js) - Google Analytics -->
<script async src="https://www.googletagmanager.com/gtag/js?id=UA-26211653-1"></script>
<script>
  window.dataLayer = window.dataLayer || [];
  function gtag(){dataLayer.push(arguments);}
  gtag('js', new Date());

  gtag('config', 'UA-26211653-1');
</script>
<!-- End Google Analytics -->
<!-- Venatus Ad Manager - Install in <HEAD> of page -->
	<script src="https://hb.vntsm.com/v3/live/ad-manager.min.js" type="text/javascript" data-site-id="642aba63ec9a7b11c3c9c1be" data-mode="scan" async></script>
<!-- / Venatus Ad Manager -->

<style>
	@media (max-width:820px) {
		.battle {
			margin: 0 auto;
		}
		.battle-log {
			margin: 7px auto 0;
			max-width: 640px;
			height: 300px;
			position: static;
		}
	}
	.optgroup {
		display: inline-block;
		line-height: 22px;
		font-size: 10pt;
	}
	.optgroup .button {
		height: 25px;
		padding-top: 0;
		padding-bottom: 0;
	}
	.optgroup button.button {
		padding-left: 12px;
		padding-right: 12px;
	}
	.linklist {
		list-style: none;
		margin: 0.5em 0;
		padding: 0;
	}
	.linklist li {
		padding: 2px 0;
	}
	.sidebar {
		float: left;
		width: 320px;
	}
	.bar-wrapper {
		max-width: 1100px;
		margin: 0 auto;
	}
	.bar-wrapper.has-sidebar {
		max-width: 1430px;
	}
	.mainbar {
		margin: 0;
		padding-right: 1px;
	}
	.mainbar.has-sidebar {
		margin-left: 330px;
	}
	@media (min-width: 1511px) {
		.sidebar {
			width: 400px;
		}
		.bar-wrapper.has-sidebar {
			max-width: 1510px;
		}
		.mainbar.has-sidebar {
			margin-left: 410px;
		}
	}
	.section.first-section {
		margin-top: 9px;
	}
	.blocklink small {
		white-space: normal;
	}
	.button {
		vertical-align: middle;
	}
	.replay-controls {
		padding-top: 10px;
	}
	.replay-controls h1 {
		font-size: 16pt;
		font-weight: normal;
		color: #CCC;
	}
	.pagelink {
		text-align: center;
	}
	.pagelink a {
		width: 150px;
	}
	.textbox, .button {
		font-size: 11pt;
		vertical-align: middle;
	}
	@media (max-width: 450px) {
		.button {
			font-size: 9pt;
		}
	}
</style>

<div>

	<header>
		<div class="nav-wrapper"><ul class="nav">
			<li><a class="button nav-first" href="//pokemonshowdown.com/"><img src="//pokemonshowdown.com/images/pokemonshowdownbeta.png" srcset="//pokemonshowdown.com/images/pokemonshowdownbeta.png 1x, //pokemonshowdown.com/images/pokemonshowdownbeta@2x.png 2x" alt="Pok&eacute;mon Showdown" width="146" height="44" /> Home</a></li>
			<li><a class="button" href="//pokemonshowdown.com/dex/">Pok&eacute;dex</a></li>
			<li><a class="button cur" href="/">Replays</a></li>
			<li><a class="button" href="//pokemonshowdown.com/ladder/">Ladder</a></li>
			<li><a class="button nav-last" href="//pokemonshowdown.com/forums/">Forum</a></li>
			<li><a class="button greenbutton nav-first nav-last" href="//play.pokemonshowdown.com/">Play</a></li>
		</ul></div>
	</header>

	<div class="main" id="main">

		<noscript><section class="section">You need to enable JavaScript to use this page; sorry!</section></noscript>

	</div>

</div>

<script defer nomodule src="//play.pokemonshowdown.com/js/lib/ps-polyfill.js"></script>
<script defer src="//play.pokemonshowdown.com/js/lib/preact.min.js"></script>

<script defer src="//play.pokemonshowdown.com/config/config.js?6dec07f6"></script>
<script defer src="//play.pokemonshowdown.com/js/lib/jquery-1.11.0.min.js"></script>
<script defer src="//play.pokemonshowdown.com/js/lib/html-sanitizer-minified.js"></script>
<script defer src="//play.pokemonshowdown.com/js/battle-sound.js"></script>
<script defer src="//play.pokemonshowdown.com/js/battledata.js?0.6315294753075389"></script>
<script defer src="//play.pokemonshowdown.com/data/pokedex-mini.js?0.7603743185311358"></script>
<script defer src="//play.pokemonshowdown.com/data/pokedex-mini-bw.js?0.030888842834281283"></script>
<script defer src="//play.pokemonshowdown.com/data/graphics.js?0.05593094747507488"></script>
<script defer src="//play.pokemonshowdown.com/data/pokedex.js?0.47064822249611904"></script>
<script defer src="//play.pokemonshowdown.com/data/moves.js?0.8583693120512459"></script>
<script defer src="//play.pokemonshowdown.com/data/abilities.js?0.16017181182386842"></script>
<script defer src="//play.pokemonshowdown.com/data/items.js?0.4163379185673943"></script>
<script defer src="//play.pokemonshowdown.com/data/teambuilder-tables.js?0.31075597372830477"></script>
<script defer src="//play.pokemonshowdown.com/js/battle-tooltips.js?0.6536193500708172"></script>
<script defer src="//play.pokemonshowdown.com/js/battle.js?0.1916591943277901"></script>

<script defer src="js/utils.js?e31f9a17"></script>
<script defer src="js/replays-battle.js?7008c182"></script>

<!-- don't scrape this data! just add .json or .log after the URL!
Full API docs: https://github.com/smogon/pokemon-showdown-client/blob/master/WEB-API.md -->
<script type="text/plain" class="log" id="replaylog-smogtours-gen3ou-801835">
|inactive|Battle timer is ON: inactive players will automatically lose when time's up.
|t:|1729873709
|gametype|singles
|player|p1|MintChocolateGuy|gambler|
|player|p2|Ramsus776|burgh|
|teamsize|p1|6
|teamsize|p2|6
|gen|3
|tier|[Gen 3] OU
|rule|Sleep Clause Mod: Limit one foe put to sleep
|rule|Switch Priority Clause Mod: Faster Pokémon switch first
|rule|Species Clause: Limit one of each Pokémon
|rule|OHKO Clause: OHKO moves are banned
|rule|Evasion Items Clause: Evasion items are banned
|rule|Evasion Moves Clause: Evasion moves are banned
|rule|Endless Battle Clause: Forcing endless battles is banned
|rule|HP Percentage Mod: HP is shown in percentages
|rule|One Boost Passer Clause: Limit one Baton Passer that has a way to boost its stats
|rule|Freeze Clause Mod: Limit one foe frozen
|
|t:|1729873709
|start
|switch|p1a: Suicune|Suicune|100/100
|switch|p2a: A mimir|Smeargle, M|100/100
|turn|1
|
|t:|1729873717
|move|p2a: A mimir|Spore|p1a: Suicune
|-status|p1a: Suicune|slp|[from] move: Spore
|cant|p1a: Suicune|slp
|
|upkeep
|turn|2
|
|t:|1729873722
|switch|p1a: Tyranitar|Tyranitar, M|100/100
|-weather|Sandstorm|[from] ability: Sand Stream|[of] p1a: Tyranitar
|move|p2a: A mimir|Spikes|p1a: Tyranitar
|-sidestart|p1: MintChocolateGuy|Spikes
|
|-weather|Sandstorm|[upkeep]
|-damage|p2a: A mimir|95/100|[from] Sandstorm
|upkeep
|turn|3
|
|t:|1729873735
|switch|p2a: GRAAAAAH|Aerodactyl, M|100/100
|move|p1a: Tyranitar|Earthquake|p2a: GRAAAAAH
|-immune|p2a: GRAAAAAH
|
|-weather|Sandstorm|[upkeep]
|upkeep
|turn|4
|
|t:|1729873741
|move|p2a: GRAAAAAH|Hidden Power|p1a: Tyranitar
|-supereffective|p1a: Tyranitar
|-damage|p1a: Tyranitar|0 fnt
|faint|p1a: Tyranitar
|
|t:|1729873755
|switch|p1a: Forretress|Forretress, F|100/100
|-damage|p1a: Forretress|88/100|[from] Spikes
|
|-weather|Sandstorm|[upkeep]
|-heal|p1a: Forretress|94/100|[from] item: Leftovers
|upkeep
|turn|5
|
|t:|1729873765
|switch|p2a: Boo|Gengar, F|100/100
|move|p1a: Forretress|Spikes|p2a: Boo
|-sidestart|p2: Ramsus776|Spikes
|
|-weather|Sandstorm|[upkeep]
|-damage|p2a: Boo|94/100|[from] Sandstorm
|-heal|p2a: Boo|100/100|[from] item: Leftovers
|-heal|p1a: Forretress|100/100|[from] item: Leftovers
|upkeep
|turn|6
|
|t:|1729873774
|switch|p1a: Celebi|Celebi|100/100
|-damage|p1a: Celebi|88/100|[from] Spikes
|move|p2a: Boo|Will-O-Wisp|p1a: Celebi
|-status|p1a: Celebi|brn
|
|-weather|Sandstorm|[upkeep]
|-damage|p2a: Boo|94/100|[from] Sandstorm
|-damage|p1a: Celebi|82/100 brn|[from] Sandstorm
|-heal|p2a: Boo|100/100|[from] item: Leftovers
|-heal|p1a: Celebi|88/100 brn|[from] item: Leftovers
|-damage|p1a: Celebi|76/100 brn|[from] brn
|upkeep
|turn|7
|
|t:|1729873779
|move|p2a: Boo|Ice Punch|p1a: Celebi
|-supereffective|p1a: Celebi
|-damage|p1a: Celebi|39/100 brn
|move|p1a: Celebi|Leech Seed|p2a: Boo
|-start|p2a: Boo|move: Leech Seed
|
|-weather|Sandstorm|[upkeep]
|-damage|p2a: Boo|94/100|[from] Sandstorm
|-damage|p1a: Celebi|32/100 brn|[from] Sandstorm
|-heal|p2a: Boo|100/100|[from] item: Leftovers
|-damage|p2a: Boo|88/100|[from] Leech Seed|[of] p1a: Celebi
|-heal|p1a: Celebi|42/100 brn|[silent]
|-heal|p1a: Celebi|49/100 brn|[from] item: Leftovers
|-damage|p1a: Celebi|36/100 brn|[from] brn
|upkeep
|turn|8
|
|t:|1729873794
|-curestatus|p1a: Celebi|brn|[from] ability: Natural Cure
|switch|p1a: Aerodactyl|Aerodactyl, M|100/100
|move|p2a: Boo|Ice Punch|p1a: Aerodactyl
|-supereffective|p1a: Aerodactyl
|-damage|p1a: Aerodactyl|40/100
|
|-weather|Sandstorm|[upkeep]
|-damage|p2a: Boo|82/100|[from] Sandstorm
|-heal|p2a: Boo|88/100|[from] item: Leftovers
|-damage|p2a: Boo|76/100|[from] Leech Seed|[of] p1a: Aerodactyl
|-heal|p1a: Aerodactyl|53/100|[silent]
|upkeep
|turn|9
|
|t:|1729873808
|switch|p2a: 2012|Metagross|100/100
|-damage|p2a: 2012|88/100|[from] Spikes
|move|p1a: Aerodactyl|Rock Slide|p2a: 2012
|-resisted|p2a: 2012
|-damage|p2a: 2012|69/100
|
|-weather|Sandstorm|[upkeep]
|upkeep
|turn|10
|
|t:|1729873822
|switch|p1a: Forretress|Forretress, F|100/100
|-damage|p1a: Forretress|88/100|[from] Spikes
|move|p2a: 2012|Meteor Mash|p1a: Forretress
|-resisted|p1a: Forretress
|-damage|p1a: Forretress|54/100
|
|-weather|Sandstorm|[upkeep]
|-heal|p1a: Forretress|61/100|[from] item: Leftovers
|upkeep
|turn|11
|
|t:|1729873830
|switch|p2a: A mimir|Smeargle, M|95/100
|-damage|p2a: A mimir|82/100|[from] Spikes
|move|p1a: Forretress|Rapid Spin|p2a: A mimir
|-damage|p2a: A mimir|69/100
|-sideend|p1: MintChocolateGuy|Spikes|[from] move: Rapid Spin|[of] p1a: Forretress
|
|-weather|Sandstorm|[upkeep]
|-damage|p2a: A mimir|63/100|[from] Sandstorm
|-heal|p1a: Forretress|67/100|[from] item: Leftovers
|upkeep
|turn|12
|
|t:|1729873835
|move|p2a: A mimir|Spikes|p1a: Forretress
|-sidestart|p1: MintChocolateGuy|Spikes
|move|p1a: Forretress|Spikes|p2a: A mimir
|-sidestart|p2: Ramsus776|Spikes
|
|-weather|Sandstorm|[upkeep]
|-damage|p2a: A mimir|57/100|[from] Sandstorm
|-heal|p1a: Forretress|73/100|[from] item: Leftovers
|upkeep
|turn|13
|
|t:|1729873840
|move|p2a: A mimir|Explosion|p1a: Forretress
|-resisted|p1a: Forretress
|-damage|p1a: Forretress|48/100
|faint|p2a: A mimir
|
|t:|1729873853
|switch|p2a: Meddle|Kingdra, M|100/100
|-damage|p2a: Meddle|84/100|[from] Spikes
|
|-weather|Sandstorm|[upkeep]
|-damage|p2a: Meddle|78/100|[from] Sandstorm
|-heal|p1a: Forretress|54/100|[from] item: Leftovers
|upkeep
|turn|14
|
|t:|1729873860
|move|p2a: Meddle|Hydro Pump|p1a: Forretress
|-damage|p1a: Forretress|0 fnt
|faint|p1a: Forretress
|
|t:|1729873872
|switch|p1a: Suicune|Suicune|100/100 slp
|-damage|p1a: Suicune|88/100 slp|[from] Spikes
|
|-weather|Sandstorm|[upkeep]
|-damage|p1a: Suicune|82/100 slp|[from] Sandstorm
|-damage|p2a: Meddle|72/100|[from] Sandstorm
|-heal|p1a: Suicune|88/100 slp|[from] item: Leftovers
|upkeep
|turn|15
|
|t:|1729873881
|switch|p2a: Boo|Gengar, F|76/100
|cant|p1a: Suicune|slp
|
|-weather|Sandstorm|[upkeep]
|-damage|p2a: Boo|70/100|[from] Sandstorm
|-damage|p1a: Suicune|82/100 slp|[from] Sandstorm
|-heal|p2a: Boo|76/100|[from] item: Leftovers
|-heal|p1a: Suicune|88/100 slp|[from] item: Leftovers
|upkeep
|turn|16
|
|t:|1729873885
|move|p2a: Boo|Thunderbolt|p1a: Suicune
|-supereffective|p1a: Suicune
|-damage|p1a: Suicune|38/100 slp
|cant|p1a: Suicune|slp
|
|-weather|Sandstorm|[upkeep]
|-damage|p2a: Boo|70/100|[from] Sandstorm
|-damage|p1a: Suicune|32/100 slp|[from] Sandstorm
|-heal|p2a: Boo|76/100|[from] item: Leftovers
|-heal|p1a: Suicune|38/100 slp|[from] item: Leftovers
|upkeep
|turn|17
|
|t:|1729873893
|move|p2a: Boo|Thunderbolt|p1a: Suicune
|-supereffective|p1a: Suicune
|-damage|p1a: Suicune|0 fnt
|faint|p1a: Suicune
|
|t:|1729873896
|switch|p1a: Aerodactyl|Aerodactyl, M|53/100
|
|-weather|Sandstorm|[upkeep]
|-damage|p2a: Boo|70/100|[from] Sandstorm
|-heal|p2a: Boo|76/100|[from] item: Leftovers
|upkeep
|turn|18
|
|t:|1729873902
|move|p1a: Aerodactyl|Rock Slide|p2a: Boo
|-damage|p2a: Boo|1/100
|move|p2a: Boo|Thunderbolt|p1a: Aerodactyl
|-supereffective|p1a: Aerodactyl
|-damage|p1a: Aerodactyl|0 fnt
|faint|p1a: Aerodactyl
|
|t:|1729873921
|switch|p1a: Celebi|Celebi|36/100
|-damage|p1a: Celebi|24/100|[from] Spikes
|
|-weather|Sandstorm|[upkeep]
|-damage|p2a: Boo|0 fnt|[from] Sandstorm
|-damage|p1a: Celebi|18/100|[from] Sandstorm
|faint|p2a: Boo
|-heal|p1a: Celebi|24/100|[from] item: Leftovers
|upkeep
|
|t:|1729873927
|switch|p2a: GRAAAAAH|Aerodactyl, M|100/100
|turn|19
|
|t:|1729873933
|move|p2a: GRAAAAAH|Double-Edge|p1a: Celebi
|-damage|p1a: Celebi|0 fnt
|faint|p1a: Celebi
|
|t:|1729873935
|switch|p1a: Metagross|Metagross|100/100
|-damage|p1a: Metagross|88/100|[from] Spikes
|
|-weather|Sandstorm|[upkeep]
|upkeep
|turn|20
|
|t:|1729873945
|switch|p2a: 2012|Metagross|69/100
|-damage|p2a: 2012|52/100|[from] Spikes
|move|p1a: Metagross|Agility|p1a: Metagross
|-boost|p1a: Metagross|spe|2
|
|-weather|Sandstorm|[upkeep]
|upkeep
|turn|21
|
|t:|1729873953
|move|p1a: Metagross|Earthquake|p2a: 2012
|-supereffective|p2a: 2012
|-crit|p2a: 2012
|-damage|p2a: 2012|0 fnt
|faint|p2a: 2012
|
|t:|1729873964
|switch|p2a: Meddle|Kingdra, M|72/100
|-damage|p2a: Meddle|56/100|[from] Spikes
|
|-weather|Sandstorm|[upkeep]
|-damage|p2a: Meddle|50/100|[from] Sandstorm
|upkeep
|turn|22
|
|t:|1729873987
|move|p1a: Metagross|Earthquake|p2a: Meddle
|-crit|p2a: Meddle
|-damage|p2a: Meddle|0 fnt
|faint|p2a: Meddle
|
|t:|1729873999
|switch|p2a: GRAAAAAH|Aerodactyl, M|100/100
|
|-weather|Sandstorm|[upkeep]
|upkeep
|turn|23
|
|t:|1729874001
|move|p1a: Metagross|Meteor Mash|p2a: GRAAAAAH|[miss]
|-miss|p1a: Metagross|p2a: GRAAAAAH
|move|p2a: GRAAAAAH|Earthquake|p1a: Metagross
|-supereffective|p1a: Metagross
|-damage|p1a: Metagross|14/100
|
|-weather|Sandstorm|[upkeep]
|upkeep
|turn|24
|
|t:|1729874008
|move|p1a: Metagross|Meteor Mash|p2a: GRAAAAAH
|-supereffective|p2a: GRAAAAAH
|-damage|p2a: GRAAAAAH|0 fnt
|faint|p2a: GRAAAAAH
|
|t:|1729874012
|switch|p2a: Alcachofa|Tyranitar, F|100/100
|-damage|p2a: Alcachofa|84/100|[from] Spikes
|
|-weather|Sandstorm|[upkeep]
|upkeep
|turn|25
|
|t:|1729874023
|move|p1a: Metagross|Meteor Mash|p2a: Alcachofa
|-supereffective|p2a: Alcachofa
|-damage|p2a: Alcachofa|0 fnt
|faint|p2a: Alcachofa
|
|win|MintChocolateGuy
|c|☆MintChocolateGuy|holy crap that was close - ggs

</script>
<script type="application/json" class="data" id="replaydata-smogtours-gen3ou-801835">
{"id":"smogtours-gen3ou-801835","format":"[Gen 3] OU","players":["MintChocolateGuy","Ramsus776"],"uploadtime":1729874023,"views":77,"formatid":"gen3ou","rating":null,"private":0,"password":null}
</script>

<script defer src="js/replays.js?9d40a366"></script>
