<!DOCTYPE html>
<meta charset="utf-8" />
<meta name="viewport" content="width=device-width" />

<title>[Gen 3] OU: boshinator6 vs. jank_city.mp4 - Replays - Pok&eacute;mon Showdown!</title>

<meta name="description" content="Watch a replay of a Pok&eacute;mon battle between boshinator6 and jank_city.mp4! Format: [Gen 3] OU; Date: Oct 22, 2024" />
<!--

Hey, you! Looking in the source for the replay log?

You can find them in JSON format, just add `.json` at the end of a replay URL.

https://replay.pokemonshowdown.com/gen7randomdoublesbattle-865046831.json

Or, if you only need the log itself, add `.log` instead:

https://replay.pokemonshowdown.com/gen7randomdoublesbattle-865046831.log

-->

<link rel="stylesheet" href="//pokemonshowdown.com/style/global.css?0.767286132409787" />
<link rel="stylesheet" href="//play.pokemonshowdown.com/style/font-awesome.css?0.9266228007934947" />
<link rel="stylesheet" href="//play.pokemonshowdown.com/style/battle.css?0.7924700842790926" />
<link rel="stylesheet" href="//play.pokemonshowdown.com/style/utilichart.css?0.8777417872839479" />

<!-- Global site tag (gtag.js) - Google Analytics -->
<script async src="https://www.googletagmanager.com/gtag/js?id=UA-26211653-1"></script>
<script>
  window.dataLayer = window.dataLayer || [];
  function gtag(){dataLayer.push(arguments);}
  gtag('js', new Date());

  gtag('config', 'UA-26211653-1');
</script>
<!-- End Google Analytics -->
<!-- Venatus Ad Manager - Install in <HEAD> of page -->
	<script src="https://hb.vntsm.com/v3/live/ad-manager.min.js" type="text/javascript" data-site-id="642aba63ec9a7b11c3c9c1be" data-mode="scan" async></script>
<!-- / Venatus Ad Manager -->

<style>
	@media (max-width:820px) {
		.battle {
			margin: 0 auto;
		}
		.battle-log {
			margin: 7px auto 0;
			max-width: 640px;
			height: 300px;
			position: static;
		}
	}
	.optgroup {
		display: inline-block;
		line-height: 22px;
		font-size: 10pt;
	}
	.optgroup .button {
		height: 25px;
		padding-top: 0;
		padding-bottom: 0;
	}
	.optgroup button.button {
		padding-left: 12px;
		padding-right: 12px;
	}
	.linklist {
		list-style: none;
		margin: 0.5em 0;
		padding: 0;
	}
	.linklist li {
		padding: 2px 0;
	}
	.sidebar {
		float: left;
		width: 320px;
	}
	.bar-wrapper {
		max-width: 1100px;
		margin: 0 auto;
	}
	.bar-wrapper.has-sidebar {
		max-width: 1430px;
	}
	.mainbar {
		margin: 0;
		padding-right: 1px;
	}
	.mainbar.has-sidebar {
		margin-left: 330px;
	}
	@media (min-width: 1511px) {
		.sidebar {
			width: 400px;
		}
		.bar-wrapper.has-sidebar {
			max-width: 1510px;
		}
		.mainbar.has-sidebar {
			margin-left: 410px;
		}
	}
	.section.first-section {
		margin-top: 9px;
	}
	.blocklink small {
		white-space: normal;
	}
	.button {
		vertical-align: middle;
	}
	.replay-controls {
		padding-top: 10px;
	}
	.replay-controls h1 {
		font-size: 16pt;
		font-weight: normal;
		color: #CCC;
	}
	.pagelink {
		text-align: center;
	}
	.pagelink a {
		width: 150px;
	}
	.textbox, .button {
		font-size: 11pt;
		vertical-align: middle;
	}
	@media (max-width: 450px) {
		.button {
			font-size: 9pt;
		}
	}
</style>

<div>

	<header>
		<div class="nav-wrapper"><ul class="nav">
			<li><a class="button nav-first" href="//pokemonshowdown.com/"><img src="//pokemonshowdown.com/images/pokemonshowdownbeta.png" srcset="//pokemonshowdown.com/images/pokemonshowdownbeta.png 1x, //pokemonshowdown.com/images/pokemonshowdownbeta@2x.png 2x" alt="Pok&eacute;mon Showdown" width="146" height="44" /> Home</a></li>
			<li><a class="button" href="//pokemonshowdown.com/dex/">Pok&eacute;dex</a></li>
			<li><a class="button cur" href="/">Replays</a></li>
			<li><a class="button" href="//pokemonshowdown.com/ladder/">Ladder</a></li>
			<li><a class="button nav-last" href="//pokemonshowdown.com/forums/">Forum</a></li>
			<li><a class="button greenbutton nav-first nav-last" href="//play.pokemonshowdown.com/">Play</a></li>
		</ul></div>
	</header>

	<div class="main" id="main">

		<noscript><section class="section">You need to enable JavaScript to use this page; sorry!</section></noscript>

	</div>

</div>

<script defer nomodule src="//play.pokemonshowdown.com/js/lib/ps-polyfill.js"></script>
<script defer src="//play.pokemonshowdown.com/js/lib/preact.min.js"></script>

<script defer src="//play.pokemonshowdown.com/config/config.js?6dec07f6"></script>
<script defer src="//play.pokemonshowdown.com/js/lib/jquery-1.11.0.min.js"></script>
<script defer src="//play.pokemonshowdown.com/js/lib/html-sanitizer-minified.js"></script>
<script defer src="//play.pokemonshowdown.com/js/battle-sound.js"></script>
<script defer src="//play.pokemonshowdown.com/js/battledata.js?0.6315294753075389"></script>
<script defer src="//play.pokemonshowdown.com/data/pokedex-mini.js?0.7603743185311358"></script>
<script defer src="//play.pokemonshowdown.com/data/pokedex-mini-bw.js?0.030888842834281283"></script>
<script defer src="//play.pokemonshowdown.com/data/graphics.js?0.05593094747507488"></script>
<script defer src="//play.pokemonshowdown.com/data/pokedex.js?0.47064822249611904"></script>
<script defer src="//play.pokemonshowdown.com/data/moves.js?0.8583693120512459"></script>
<script defer src="//play.pokemonshowdown.com/data/abilities.js?0.16017181182386842"></script>
<script defer src="//play.pokemonshowdown.com/data/items.js?0.4163379185673943"></script>
<script defer src="//play.pokemonshowdown.com/data/teambuilder-tables.js?0.31075597372830477"></script>
<script defer src="//play.pokemonshowdown.com/js/battle-tooltips.js?0.6536193500708172"></script>
<script defer src="//play.pokemonshowdown.com/js/battle.js?0.1916591943277901"></script>

<script defer src="js/utils.js?e31f9a17"></script>
<script defer src="js/replays-battle.js?7008c182"></script>

<!-- don't scrape this data! just add .json or .log after the URL!
Full API docs: https://github.com/smogon/pokemon-showdown-client/blob/master/WEB-API.md -->
<script type="text/plain" class="log" id="replaylog-smogtours-gen3ou-801294">
|inactive|Battle timer is ON: inactive players will automatically lose when time's up.
|t:|1729638200
|gametype|singles
|player|p1|boshinator6|2|
|player|p2|jank_city.mp4|workerice|
|teamsize|p1|6
|teamsize|p2|6
|gen|3
|tier|[Gen 3] OU
|rule|Sleep Clause Mod: Limit one foe put to sleep
|rule|Switch Priority Clause Mod: Faster Pokémon switch first
|rule|Species Clause: Limit one of each Pokémon
|rule|OHKO Clause: OHKO moves are banned
|rule|Evasion Items Clause: Evasion items are banned
|rule|Evasion Moves Clause: Evasion moves are banned
|rule|Endless Battle Clause: Forcing endless battles is banned
|rule|HP Percentage Mod: HP is shown in percentages
|rule|One Boost Passer Clause: Limit one Baton Passer that has a way to boost its stats
|rule|Freeze Clause Mod: Limit one foe frozen
|
|t:|1729638200
|start
|switch|p1a: Tyranitar|Tyranitar, F|100/100
|switch|p2a: Iron Leg|Metagross|100/100
|-weather|Sandstorm|[from] ability: Sand Stream|[of] p1a: Tyranitar
|turn|1
|
|t:|1729638228
|switch|p1a: Skarmory|Skarmory, F|100/100
|move|p2a: Iron Leg|Meteor Mash|p1a: Skarmory
|-resisted|p1a: Skarmory
|-damage|p1a: Skarmory|81/100
|
|-weather|Sandstorm|[upkeep]
|-heal|p1a: Skarmory|87/100|[from] item: Leftovers
|upkeep
|turn|2
|c|+VZR|go jank!
|c|☆jank_city.mp4|k!
|
|t:|1729638240
|switch|p2a: Magnet|Magneton|100/100
|move|p1a: Skarmory|Spikes|p2a: Magnet
|-sidestart|p2: jank_city.mp4|Spikes
|
|-weather|Sandstorm|[upkeep]
|-heal|p1a: Skarmory|93/100|[from] item: Leftovers
|upkeep
|turn|3
|
|t:|1729638243
|move|p1a: Skarmory|Protect|p1a: Skarmory
|-singleturn|p1a: Skarmory|Protect
|move|p2a: Magnet|Thunderbolt|p1a: Skarmory
|-activate|p1a: Skarmory|Protect
|
|-weather|Sandstorm|[upkeep]
|-heal|p1a: Skarmory|99/100|[from] item: Leftovers
|upkeep
|turn|4
|
|t:|1729638256
|move|p2a: Magnet|Thunderbolt|p1a: Skarmory
|-supereffective|p1a: Skarmory
|-damage|p1a: Skarmory|0 fnt
|faint|p1a: Skarmory
|
|t:|1729638268
|switch|p1a: Aerodactyl|Aerodactyl, M|100/100
|
|-weather|Sandstorm|[upkeep]
|upkeep
|turn|5
|
|t:|1729638285
|switch|p2a: Dragon|Salamence, M|100/100
|-ability|p2a: Dragon|Intimidate|boost
|-unboost|p1a: Aerodactyl|atk|1
|move|p1a: Aerodactyl|Earthquake|p2a: Dragon
|-immune|p2a: Dragon
|
|-weather|Sandstorm|[upkeep]
|-damage|p2a: Dragon|94/100|[from] Sandstorm
|upkeep
|turn|6
|inactive|jank_city.mp4 has 270 seconds left.
|
|t:|1729638317
|switch|p1a: Metagross|Metagross|100/100
|switch|p2a: Iron Leg|Metagross|100/100
|-damage|p2a: Iron Leg|88/100|[from] Spikes
|
|-weather|Sandstorm|[upkeep]
|-heal|p2a: Iron Leg|94/100|[from] item: Leftovers
|upkeep
|turn|7
|
|t:|1729638324
|move|p2a: Iron Leg|Protect|p2a: Iron Leg
|-singleturn|p2a: Iron Leg|Protect
|move|p1a: Metagross|Earthquake|p2a: Iron Leg
|-activate|p2a: Iron Leg|Protect
|
|-weather|Sandstorm|[upkeep]
|-heal|p2a: Iron Leg|99/100|[from] item: Leftovers
|upkeep
|turn|8
|
|t:|1729638331
|switch|p1a: Gengar|Gengar, F|100/100
|move|p2a: Iron Leg|Earthquake|p1a: Gengar
|-immune|p1a: Gengar
|
|-weather|Sandstorm|[upkeep]
|-damage|p1a: Gengar|94/100|[from] Sandstorm
|-heal|p1a: Gengar|100/100|[from] item: Leftovers
|-heal|p2a: Iron Leg|100/100|[from] item: Leftovers
|upkeep
|turn|9
|
|t:|1729638339
|move|p2a: Iron Leg|Protect|p2a: Iron Leg
|-singleturn|p2a: Iron Leg|Protect
|move|p1a: Gengar|Fire Punch|p2a: Iron Leg
|-activate|p2a: Iron Leg|Protect
|
|-weather|Sandstorm|[upkeep]
|-damage|p1a: Gengar|94/100|[from] Sandstorm
|-heal|p1a: Gengar|100/100|[from] item: Leftovers
|upkeep
|turn|10
|
|t:|1729638369
|switch|p1a: Metagross|Metagross|100/100
|move|p2a: Iron Leg|Meteor Mash|p1a: Metagross|[miss]
|-miss|p2a: Iron Leg|p1a: Metagross
|
|-weather|Sandstorm|[upkeep]
|upkeep
|turn|11
|
|t:|1729638377
|move|p1a: Metagross|Earthquake|p2a: Iron Leg
|-supereffective|p2a: Iron Leg
|-damage|p2a: Iron Leg|49/100
|move|p2a: Iron Leg|Earthquake|p1a: Metagross
|-supereffective|p1a: Metagross
|-damage|p1a: Metagross|44/100
|
|-weather|Sandstorm|[upkeep]
|-heal|p2a: Iron Leg|55/100|[from] item: Leftovers
|-heal|p1a: Metagross|50/100|[from] item: Leftovers
|upkeep
|turn|12
|inactive|boshinator6 has 270 seconds left.
|inactive|boshinator6 has 240 seconds left.
|
|t:|1729638428
|switch|p1a: Aerodactyl|Aerodactyl, M|100/100
|move|p2a: Iron Leg|Meteor Mash|p1a: Aerodactyl|[miss]
|-miss|p2a: Iron Leg|p1a: Aerodactyl
|
|-weather|Sandstorm|[upkeep]
|-heal|p2a: Iron Leg|61/100|[from] item: Leftovers
|upkeep
|turn|13
|c|☆jank_city.mp4|nooo
|inactive|boshinator6 has 240 seconds left.
|c|+VZR|it was a cool play
|inactive|boshinator6 has 210 seconds left.
|
|t:|1729638470
|move|p2a: Iron Leg|Protect|p2a: Iron Leg
|-singleturn|p2a: Iron Leg|Protect
|move|p1a: Aerodactyl|Earthquake|p2a: Iron Leg
|-activate|p2a: Iron Leg|Protect
|
|-weather|Sandstorm|[upkeep]
|-heal|p2a: Iron Leg|68/100|[from] item: Leftovers
|upkeep
|turn|14
|inactive|boshinator6 has 210 seconds left.
|
|t:|1729638487
|switch|p1a: Gengar|Gengar, F|100/100
|switch|p2a: Time Travel|Celebi|100/100
|-damage|p2a: Time Travel|88/100|[from] Spikes
|
|-weather|Sandstorm|[upkeep]
|-damage|p1a: Gengar|94/100|[from] Sandstorm
|-damage|p2a: Time Travel|82/100|[from] Sandstorm
|-heal|p1a: Gengar|100/100|[from] item: Leftovers
|-heal|p2a: Time Travel|88/100|[from] item: Leftovers
|upkeep
|turn|15
|inactive|boshinator6 has 210 seconds left.
|
|t:|1729638504
|move|p1a: Gengar|Fire Punch|p2a: Time Travel
|-supereffective|p2a: Time Travel
|-damage|p2a: Time Travel|36/100
|move|p2a: Time Travel|Psychic|p1a: Gengar
|-supereffective|p1a: Gengar
|-damage|p1a: Gengar|0 fnt
|faint|p1a: Gengar
|inactive|boshinator6 has 210 seconds left.
|inactive|boshinator6 has 180 seconds left.
|
|t:|1729638553
|switch|p1a: Aerodactyl|Aerodactyl, M|100/100
|
|-weather|Sandstorm|[upkeep]
|-damage|p2a: Time Travel|30/100|[from] Sandstorm
|-heal|p2a: Time Travel|36/100|[from] item: Leftovers
|upkeep
|turn|16
|
|t:|1729638560
|move|p1a: Aerodactyl|Double-Edge|p2a: Time Travel
|-damage|p2a: Time Travel|0 fnt
|faint|p2a: Time Travel
|
|t:|1729638574
|switch|p2a: Iron Leg|Metagross|68/100
|-damage|p2a: Iron Leg|55/100|[from] Spikes
|
|-weather|Sandstorm|[upkeep]
|-heal|p2a: Iron Leg|61/100|[from] item: Leftovers
|upkeep
|turn|17
|inactive|boshinator6 has 180 seconds left.
|
|t:|1729638586
|switch|p1a: Metagross|Metagross|50/100
|move|p2a: Iron Leg|Meteor Mash|p1a: Metagross
|-resisted|p1a: Metagross
|-damage|p1a: Metagross|28/100
|
|-weather|Sandstorm|[upkeep]
|-heal|p2a: Iron Leg|67/100|[from] item: Leftovers
|-heal|p1a: Metagross|34/100|[from] item: Leftovers
|upkeep
|turn|18
|
|t:|1729638594
|move|p1a: Metagross|Protect|p1a: Metagross
|-singleturn|p1a: Metagross|Protect
|move|p2a: Iron Leg|Protect||[still]
|-fail|p2a: Iron Leg
|
|-weather|Sandstorm|[upkeep]
|-heal|p1a: Metagross|41/100|[from] item: Leftovers
|-heal|p2a: Iron Leg|73/100|[from] item: Leftovers
|upkeep
|turn|19
|
|t:|1729638609
|move|p1a: Metagross|Earthquake|p2a: Iron Leg
|-supereffective|p2a: Iron Leg
|-damage|p2a: Iron Leg|19/100
|move|p2a: Iron Leg|Earthquake|p1a: Metagross
|-supereffective|p1a: Metagross
|-damage|p1a: Metagross|0 fnt
|faint|p1a: Metagross
|c|☆jank_city.mp4|bad play..
|inactive|boshinator6 has 180 seconds left.
|
|t:|1729638626
|switch|p1a: Tyranitar|Tyranitar, F|100/100
|
|-weather|Sandstorm|[upkeep]
|-heal|p2a: Iron Leg|25/100|[from] item: Leftovers
|upkeep
|turn|20
|inactive|boshinator6 has 180 seconds left.
|
|t:|1729638640
|move|p1a: Tyranitar|Fire Blast|p2a: Iron Leg|[miss]
|-miss|p1a: Tyranitar|p2a: Iron Leg
|move|p2a: Iron Leg|Meteor Mash|p1a: Tyranitar
|-supereffective|p1a: Tyranitar
|-damage|p1a: Tyranitar|0 fnt
|faint|p1a: Tyranitar
|inactive|boshinator6 has 180 seconds left.
|
|t:|1729638649
|switch|p1a: Lanturn|Lanturn, F|100/100
|
|-weather|Sandstorm|[upkeep]
|-damage|p1a: Lanturn|94/100|[from] Sandstorm
|-heal|p1a: Lanturn|100/100|[from] item: Leftovers
|-heal|p2a: Iron Leg|31/100|[from] item: Leftovers
|upkeep
|turn|21
|c|☆jank_city.mp4|wtf
|c|+VZR|yo?
|
|t:|1729638659
|move|p2a: Iron Leg|Protect|p2a: Iron Leg
|-singleturn|p2a: Iron Leg|Protect
|move|p1a: Lanturn|Thunderbolt|p2a: Iron Leg
|-activate|p2a: Iron Leg|Protect
|
|-weather|Sandstorm|[upkeep]
|-damage|p1a: Lanturn|94/100|[from] Sandstorm
|-heal|p1a: Lanturn|100/100|[from] item: Leftovers
|-heal|p2a: Iron Leg|37/100|[from] item: Leftovers
|upkeep
|turn|22
|
|t:|1729638668
|switch|p2a: Sleeping|Snorlax, F|100/100
|-damage|p2a: Sleeping|88/100|[from] Spikes
|move|p1a: Lanturn|Hydro Pump|p2a: Sleeping
|-damage|p2a: Sleeping|61/100
|
|-weather|Sandstorm|[upkeep]
|-damage|p1a: Lanturn|94/100|[from] Sandstorm
|-damage|p2a: Sleeping|55/100|[from] Sandstorm
|-heal|p1a: Lanturn|100/100|[from] item: Leftovers
|-heal|p2a: Sleeping|61/100|[from] item: Leftovers
|upkeep
|turn|23
|
|t:|1729638677
|move|p1a: Lanturn|Hydro Pump|p2a: Sleeping
|-damage|p2a: Sleeping|34/100
|move|p2a: Sleeping|Self-Destruct|p1a: Lanturn
|-damage|p1a: Lanturn|0 fnt
|faint|p2a: Sleeping
|faint|p1a: Lanturn
|c|☆jank_city.mp4|potentially risky since there could've been protect or sub
|
|t:|1729638701
|switch|p1a: Aerodactyl|Aerodactyl, M|100/100
|switch|p2a: Aurora|Suicune|100/100
|-damage|p2a: Aurora|88/100|[from] Spikes
|
|-weather|Sandstorm|[upkeep]
|-damage|p2a: Aurora|82/100|[from] Sandstorm
|-heal|p2a: Aurora|88/100|[from] item: Leftovers
|upkeep
|turn|24
|inactive|boshinator6 has 210 seconds left.
|
|t:|1729638709
|move|p1a: Aerodactyl|Rock Slide|p2a: Aurora
|-damage|p2a: Aurora|59/100
|move|p2a: Aurora|Surf|p1a: Aerodactyl
|-supereffective|p1a: Aerodactyl
|-damage|p1a: Aerodactyl|21/100
|
|-weather|Sandstorm|[upkeep]
|-damage|p2a: Aurora|52/100|[from] Sandstorm
|-heal|p2a: Aurora|59/100|[from] item: Leftovers
|upkeep
|turn|25
|
|t:|1729638711
|move|p1a: Aerodactyl|Rock Slide|p2a: Aurora|[miss]
|-miss|p1a: Aerodactyl|p2a: Aurora
|move|p2a: Aurora|Surf|p1a: Aerodactyl
|-supereffective|p1a: Aerodactyl
|-damage|p1a: Aerodactyl|0 fnt
|faint|p1a: Aerodactyl
|
|win|jank_city.mp4
|c|☆jank_city.mp4|gg
|c|☆boshinator6|GG
|player|p1|
|player|p2|
|player|p2|jank_city.mp4|workerice|

</script>
<script type="application/json" class="data" id="replaydata-smogtours-gen3ou-801294">
{"id":"smogtours-gen3ou-801294","format":"[Gen 3] OU","players":["boshinator6","jank_city.mp4"],"uploadtime":1729638711,"views":96,"formatid":"gen3ou","rating":null,"private":0,"password":null}
</script>

<script defer src="js/replays.js?9d40a366"></script>
