<!DOCTYPE html>
<meta charset="utf-8" />
<meta name="viewport" content="width=device-width" />

<title>[Gen 3] OU: BDICAP vs. TRXXJEH - Replays - Pok&eacute;mon Showdown!</title>

<meta name="description" content="Watch a replay of a Pok&eacute;mon battle between BDICAP and TRXXJEH! Format: [Gen 3] OU; Date: Oct 3, 2024" />
<!--

Hey, you! Looking in the source for the replay log?

You can find them in JSON format, just add `.json` at the end of a replay URL.

https://replay.pokemonshowdown.com/gen7randomdoublesbattle-865046831.json

Or, if you only need the log itself, add `.log` instead:

https://replay.pokemonshowdown.com/gen7randomdoublesbattle-865046831.log

-->

<link rel="stylesheet" href="//pokemonshowdown.com/style/global.css?0.023195364461161105" />
<link rel="stylesheet" href="//play.pokemonshowdown.com/style/font-awesome.css?0.13261647063804238" />
<link rel="stylesheet" href="//play.pokemonshowdown.com/style/battle.css?0.8753245789963631" />
<link rel="stylesheet" href="//play.pokemonshowdown.com/style/utilichart.css?0.8627959624976733" />

<!-- Global site tag (gtag.js) - Google Analytics -->
<script async src="https://www.googletagmanager.com/gtag/js?id=UA-26211653-1"></script>
<script>
  window.dataLayer = window.dataLayer || [];
  function gtag(){dataLayer.push(arguments);}
  gtag('js', new Date());

  gtag('config', 'UA-26211653-1');
</script>
<!-- End Google Analytics -->
<!-- Venatus Ad Manager - Install in <HEAD> of page -->
	<script src="https://hb.vntsm.com/v3/live/ad-manager.min.js" type="text/javascript" data-site-id="642aba63ec9a7b11c3c9c1be" data-mode="scan" async></script>
<!-- / Venatus Ad Manager -->

<style>
	@media (max-width:820px) {
		.battle {
			margin: 0 auto;
		}
		.battle-log {
			margin: 7px auto 0;
			max-width: 640px;
			height: 300px;
			position: static;
		}
	}
	.optgroup {
		display: inline-block;
		line-height: 22px;
		font-size: 10pt;
	}
	.optgroup .button {
		height: 25px;
		padding-top: 0;
		padding-bottom: 0;
	}
	.optgroup button.button {
		padding-left: 12px;
		padding-right: 12px;
	}
	.linklist {
		list-style: none;
		margin: 0.5em 0;
		padding: 0;
	}
	.linklist li {
		padding: 2px 0;
	}
	.sidebar {
		float: left;
		width: 320px;
	}
	.bar-wrapper {
		max-width: 1100px;
		margin: 0 auto;
	}
	.bar-wrapper.has-sidebar {
		max-width: 1430px;
	}
	.mainbar {
		margin: 0;
		padding-right: 1px;
	}
	.mainbar.has-sidebar {
		margin-left: 330px;
	}
	@media (min-width: 1511px) {
		.sidebar {
			width: 400px;
		}
		.bar-wrapper.has-sidebar {
			max-width: 1510px;
		}
		.mainbar.has-sidebar {
			margin-left: 410px;
		}
	}
	.section.first-section {
		margin-top: 9px;
	}
	.blocklink small {
		white-space: normal;
	}
	.button {
		vertical-align: middle;
	}
	.replay-controls {
		padding-top: 10px;
	}
	.replay-controls h1 {
		font-size: 16pt;
		font-weight: normal;
		color: #CCC;
	}
	.pagelink {
		text-align: center;
	}
	.pagelink a {
		width: 150px;
	}
	.textbox, .button {
		font-size: 11pt;
		vertical-align: middle;
	}
	@media (max-width: 450px) {
		.button {
			font-size: 9pt;
		}
	}
</style>

<div>

	<header>
		<div class="nav-wrapper"><ul class="nav">
			<li><a class="button nav-first" href="//pokemonshowdown.com/"><img src="//pokemonshowdown.com/images/pokemonshowdownbeta.png" srcset="//pokemonshowdown.com/images/pokemonshowdownbeta.png 1x, //pokemonshowdown.com/images/pokemonshowdownbeta@2x.png 2x" alt="Pok&eacute;mon Showdown" width="146" height="44" /> Home</a></li>
			<li><a class="button" href="//pokemonshowdown.com/dex/">Pok&eacute;dex</a></li>
			<li><a class="button cur" href="/">Replays</a></li>
			<li><a class="button" href="//pokemonshowdown.com/ladder/">Ladder</a></li>
			<li><a class="button nav-last" href="//pokemonshowdown.com/forums/">Forum</a></li>
			<li><a class="button greenbutton nav-first nav-last" href="//play.pokemonshowdown.com/">Play</a></li>
		</ul></div>
	</header>

	<div class="main" id="main">

		<noscript><section class="section">You need to enable JavaScript to use this page; sorry!</section></noscript>

	</div>

</div>

<script defer nomodule src="//play.pokemonshowdown.com/js/lib/ps-polyfill.js"></script>
<script defer src="//play.pokemonshowdown.com/js/lib/preact.min.js"></script>

<script defer src="//play.pokemonshowdown.com/config/config.js?2bddbc15"></script>
<script defer src="//play.pokemonshowdown.com/js/lib/jquery-1.11.0.min.js"></script>
<script defer src="//play.pokemonshowdown.com/js/lib/html-sanitizer-minified.js"></script>
<script defer src="//play.pokemonshowdown.com/js/battle-sound.js"></script>
<script defer src="//play.pokemonshowdown.com/js/battledata.js?0.7209276989879541"></script>
<script defer src="//play.pokemonshowdown.com/data/pokedex-mini.js?0.6111056340867951"></script>
<script defer src="//play.pokemonshowdown.com/data/pokedex-mini-bw.js?0.3532142036491459"></script>
<script defer src="//play.pokemonshowdown.com/data/graphics.js?0.24223875632456182"></script>
<script defer src="//play.pokemonshowdown.com/data/pokedex.js?0.38839984266356864"></script>
<script defer src="//play.pokemonshowdown.com/data/moves.js?0.21866028504024015"></script>
<script defer src="//play.pokemonshowdown.com/data/abilities.js?0.2005157953846628"></script>
<script defer src="//play.pokemonshowdown.com/data/items.js?0.9894211263848525"></script>
<script defer src="//play.pokemonshowdown.com/data/teambuilder-tables.js?0.6008791140282215"></script>
<script defer src="//play.pokemonshowdown.com/js/battle-tooltips.js?0.7580118955022959"></script>
<script defer src="//play.pokemonshowdown.com/js/battle.js?0.6057722274234274"></script>

<script defer src="js/utils.js?e31f9a17"></script>
<script defer src="js/replays-battle.js?7008c182"></script>

<!-- don't scrape this data! just add .json or .log after the URL!
Full API docs: https://github.com/smogon/pokemon-showdown-client/blob/master/WEB-API.md -->
<script type="text/plain" class="log" id="replaylog-smogtours-gen3ou-794254">
|inactive|Battle timer is ON: inactive players will automatically lose when time's up.
|t:|1727975195
|gametype|singles
|player|p1|BDICAP|170|
|player|p2|TRXXJEH|policeman-gen4|
|teamsize|p1|6
|teamsize|p2|6
|gen|3
|tier|[Gen 3] OU
|rule|Sleep Clause Mod: Limit one foe put to sleep
|rule|Switch Priority Clause Mod: Faster Pokémon switch first
|rule|Species Clause: Limit one of each Pokémon
|rule|OHKO Clause: OHKO moves are banned
|rule|Evasion Items Clause: Evasion items are banned
|rule|Evasion Moves Clause: Evasion moves are banned
|rule|Endless Battle Clause: Forcing endless battles is banned
|rule|HP Percentage Mod: HP is shown in percentages
|rule|One Boost Passer Clause: Limit one Baton Passer that has a way to boost its stats
|rule|Freeze Clause Mod: Limit one foe frozen
|
|t:|1727975195
|start
|switch|p1a: Meg|Camerupt, M|100/100
|switch|p2a: Jolteon|Jolteon, F|100/100
|turn|1
|inactive|TRXXJEH has 270 seconds left.
|inactive|BDICAP has 270 seconds left.
|inactive|TRXXJEH has 240 seconds left.
|inactive|TRXXJEH has 210 seconds left.
|inactive|TRXXJEH has 180 seconds left.
|
|t:|1727975337
|move|p2a: Jolteon|Baton Pass|p2a: Jolteon
|
|t:|1727975340
|switch|p2a: Zapdos|Zapdos|100/100|[from] Baton Pass
|move|p1a: Meg|Earthquake|p2a: Zapdos
|-immune|p2a: Zapdos
|
|upkeep
|turn|2
|
|t:|1727975365
|move|p2a: Zapdos|Substitute|p2a: Zapdos
|-start|p2a: Zapdos|Substitute
|-damage|p2a: Zapdos|76/100
|move|p1a: Meg|Fire Blast|p2a: Zapdos
|-end|p2a: Zapdos|Substitute
|
|-heal|p2a: Zapdos|82/100|[from] item: Leftovers
|upkeep
|turn|3
|inactive|BDICAP has 270 seconds left.
|inactive|TRXXJEH has 210 seconds left.
|
|t:|1727975411
|switch|p2a: Tyranitar|Tyranitar, F|100/100
|-weather|Sandstorm|[from] ability: Sand Stream|[of] p2a: Tyranitar
|move|p1a: Meg|Fire Blast|p2a: Tyranitar
|-resisted|p2a: Tyranitar
|-damage|p2a: Tyranitar|74/100
|
|-weather|Sandstorm|[upkeep]
|upkeep
|turn|4
|inactive|BDICAP has 270 seconds left.
|
|t:|1727975440
|switch|p1a: Peter|Salamence, M|100/100
|-ability|p1a: Peter|Intimidate|boost
|-unboost|p2a: Tyranitar|atk|1
|move|p2a: Tyranitar|Earthquake|p1a: Peter
|-immune|p1a: Peter
|
|-weather|Sandstorm|[upkeep]
|-damage|p1a: Peter|94/100|[from] Sandstorm
|-heal|p1a: Peter|100/100|[from] item: Leftovers
|upkeep
|turn|5
|inactive|BDICAP has 240 seconds left.
|inactive|TRXXJEH has 180 seconds left.
|inactive|TRXXJEH has 150 seconds left.
|inactive|BDICAP has 210 seconds left.
|inactive|TRXXJEH has 120 seconds left.
|
|t:|1727975535
|move|p1a: Peter|Brick Break|p2a: Tyranitar
|-supereffective|p2a: Tyranitar
|-damage|p2a: Tyranitar|0 fnt
|faint|p2a: Tyranitar
|
|t:|1727975553
|switch|p2a: Jolteon|Jolteon, F|100/100
|
|-weather|Sandstorm|[upkeep]
|-damage|p2a: Jolteon|94/100|[from] Sandstorm
|-damage|p1a: Peter|94/100|[from] Sandstorm
|-heal|p2a: Jolteon|100/100|[from] item: Leftovers
|-heal|p1a: Peter|100/100|[from] item: Leftovers
|upkeep
|turn|6
|inactive|BDICAP has 210 seconds left.
|
|t:|1727975584
|switch|p1a: Chris|Snorlax, M|100/100
|move|p2a: Jolteon|Substitute|p2a: Jolteon
|-start|p2a: Jolteon|Substitute
|-damage|p2a: Jolteon|75/100
|
|-weather|Sandstorm|[upkeep]
|-damage|p2a: Jolteon|69/100|[from] Sandstorm
|-damage|p1a: Chris|94/100|[from] Sandstorm
|-heal|p2a: Jolteon|75/100|[from] item: Leftovers
|-heal|p1a: Chris|100/100|[from] item: Leftovers
|upkeep
|turn|7
|
|t:|1727975602
|-singleturn|p1a: Chris|move: Focus Punch
|move|p2a: Jolteon|Baton Pass|p2a: Jolteon
|inactive|TRXXJEH has 90 seconds left.
|
|t:|1727975623
|switch|p2a: Breloom|Breloom, M|100/100|[from] Baton Pass
|move|p1a: Chris|Focus Punch|p2a: Breloom
|-end|p2a: Breloom|Substitute
|
|-weather|Sandstorm|[upkeep]
|-damage|p2a: Breloom|94/100|[from] Sandstorm
|-damage|p1a: Chris|94/100|[from] Sandstorm
|-heal|p2a: Breloom|100/100|[from] item: Leftovers
|-heal|p1a: Chris|100/100|[from] item: Leftovers
|upkeep
|turn|8
|inactive|TRXXJEH has 90 seconds left.
|inactive|BDICAP has 180 seconds left.
|
|t:|1727975644
|switch|p1a: Peter|Salamence, M|100/100
|-ability|p1a: Peter|Intimidate|boost
|-unboost|p2a: Breloom|atk|1
|move|p2a: Breloom|Spore|p1a: Peter
|-status|p1a: Peter|slp|[from] move: Spore
|
|-weather|Sandstorm|[upkeep]
|-damage|p1a: Peter|94/100 slp|[from] Sandstorm
|-damage|p2a: Breloom|94/100|[from] Sandstorm
|-heal|p1a: Peter|100/100 slp|[from] item: Leftovers
|-heal|p2a: Breloom|100/100|[from] item: Leftovers
|upkeep
|turn|9
|inactive|TRXXJEH has 90 seconds left.
|inactive|BDICAP has 180 seconds left.
|inactive|TRXXJEH has 60 seconds left.
|inactive|BDICAP has 150 seconds left.
|inactive|BDICAP has 120 seconds left.
|
|t:|1727975728
|-singleturn|p2a: Breloom|move: Focus Punch
|switch|p1a: Lois|Suicune|100/100
|move|p2a: Breloom|Focus Punch|p1a: Lois
|-damage|p1a: Lois|69/100
|
|-weather|Sandstorm|[upkeep]
|-damage|p2a: Breloom|94/100|[from] Sandstorm
|-damage|p1a: Lois|62/100|[from] Sandstorm
|-heal|p2a: Breloom|100/100|[from] item: Leftovers
|-heal|p1a: Lois|69/100|[from] item: Leftovers
|upkeep
|turn|10
|inactive|TRXXJEH has 60 seconds left.
|inactive|TRXXJEH has 30 seconds left.
|
|t:|1727975764
|move|p2a: Breloom|Stun Spore|p1a: Lois
|-status|p1a: Lois|par
|move|p1a: Lois|Surf|p2a: Breloom
|-resisted|p2a: Breloom
|-damage|p2a: Breloom|70/100
|
|-weather|Sandstorm|[upkeep]
|-damage|p2a: Breloom|64/100|[from] Sandstorm
|-damage|p1a: Lois|62/100 par|[from] Sandstorm
|-heal|p2a: Breloom|70/100|[from] item: Leftovers
|-heal|p1a: Lois|69/100 par|[from] item: Leftovers
|upkeep
|turn|11
|inactive|TRXXJEH has 30 seconds left.
|inactive|TRXXJEH disconnected and has 300 seconds to reconnect!
|player|p2|
|inactive|TRXXJEH reconnected and has 25 seconds left.
|player|p2|TRXXJEH|policeman-gen4|
|inactive|TRXXJEH has 20 seconds left.
|inactive|TRXXJEH has 15 seconds left.
|
|t:|1727975806
|switch|p2a: Zapdos|Zapdos|82/100
|cant|p1a: Lois|par
|
|-weather|Sandstorm|[upkeep]
|-damage|p2a: Zapdos|76/100|[from] Sandstorm
|-damage|p1a: Lois|62/100 par|[from] Sandstorm
|-heal|p2a: Zapdos|82/100|[from] item: Leftovers
|-heal|p1a: Lois|69/100 par|[from] item: Leftovers
|upkeep
|turn|12
|inactive|TRXXJEH has 25 seconds left this turn.
|inactive|TRXXJEH has 20 seconds left.
|
|t:|1727975822
|switch|p1a: Meg|Camerupt, M|100/100
|move|p2a: Zapdos|Substitute|p2a: Zapdos
|-start|p2a: Zapdos|Substitute
|-damage|p2a: Zapdos|57/100
|
|-weather|Sandstorm|[upkeep]
|-damage|p2a: Zapdos|51/100|[from] Sandstorm
|-heal|p2a: Zapdos|57/100|[from] item: Leftovers
|upkeep
|turn|13
|inactive|TRXXJEH has 30 seconds left this turn.
|inactive|TRXXJEH has 20 seconds left.
|inactive|TRXXJEH has 15 seconds left.
|
|t:|1727975839
|move|p2a: Zapdos|Baton Pass|p2a: Zapdos
|inactive|TRXXJEH has 20 seconds left this turn.
|
|t:|1727975840
|switch|p2a: Dugtrio|Dugtrio, F|100/100|[from] Baton Pass
|move|p1a: Meg|Fire Blast|p2a: Dugtrio
|-end|p2a: Dugtrio|Substitute
|
|-weather|Sandstorm|[upkeep]
|upkeep
|turn|14
|inactive|TRXXJEH has 30 seconds left this turn.
|
|t:|1727975849
|move|p2a: Dugtrio|Earthquake|p1a: Meg
|-supereffective|p1a: Meg
|-damage|p1a: Meg|0 fnt
|faint|p1a: Meg
|inactive|TRXXJEH has 30 seconds left this turn.
|inactive|BDICAP has 120 seconds left.
|
|t:|1727975874
|switch|p1a: Peter|Salamence, M|100/100 slp
|-ability|p1a: Peter|Intimidate|boost
|-unboost|p2a: Dugtrio|atk|1
|
|-weather|Sandstorm|[upkeep]
|-damage|p1a: Peter|94/100 slp|[from] Sandstorm
|-heal|p1a: Peter|100/100 slp|[from] item: Leftovers
|upkeep
|turn|15
|
|t:|1727975881
|switch|p2a: Jolteon|Jolteon, F|75/100
|cant|p1a: Peter|slp
|
|-weather|Sandstorm|[upkeep]
|-damage|p2a: Jolteon|69/100|[from] Sandstorm
|-damage|p1a: Peter|94/100 slp|[from] Sandstorm
|-heal|p2a: Jolteon|75/100|[from] item: Leftovers
|-heal|p1a: Peter|100/100 slp|[from] item: Leftovers
|upkeep
|turn|16
|
|t:|1727975890
|move|p2a: Jolteon|Substitute|p2a: Jolteon
|-start|p2a: Jolteon|Substitute
|-damage|p2a: Jolteon|50/100
|-curestatus|p1a: Peter|slp|[msg]
|move|p1a: Peter|Dragon Claw|p2a: Jolteon
|-end|p2a: Jolteon|Substitute
|
|-weather|Sandstorm|[upkeep]
|-damage|p2a: Jolteon|44/100|[from] Sandstorm
|-damage|p1a: Peter|94/100|[from] Sandstorm
|-heal|p2a: Jolteon|50/100|[from] item: Leftovers
|-heal|p1a: Peter|100/100|[from] item: Leftovers
|upkeep
|turn|17
|
|t:|1727975905
|switch|p1a: Chris|Snorlax, M|100/100
|move|p2a: Jolteon|Hidden Power|p1a: Chris
|-damage|p1a: Chris|88/100
|
|-weather|Sandstorm|[upkeep]
|-damage|p2a: Jolteon|44/100|[from] Sandstorm
|-damage|p1a: Chris|82/100|[from] Sandstorm
|-heal|p2a: Jolteon|50/100|[from] item: Leftovers
|-heal|p1a: Chris|88/100|[from] item: Leftovers
|upkeep
|turn|18
|inactive|TRXXJEH has 30 seconds left.
|inactive|BDICAP has 90 seconds left.
|inactive|TRXXJEH has 20 seconds left.
|
|t:|1727975941
|-singleturn|p1a: Chris|move: Focus Punch
|switch|p2a: Jirachi|Jirachi|100/100
|move|p1a: Chris|Focus Punch|p2a: Jirachi
|-damage|p2a: Jirachi|59/100
|
|-weather|Sandstorm|[upkeep]
|-damage|p1a: Chris|82/100|[from] Sandstorm
|-heal|p2a: Jirachi|65/100|[from] item: Leftovers
|-heal|p1a: Chris|88/100|[from] item: Leftovers
|upkeep
|turn|19
|inactive|TRXXJEH has 30 seconds left this turn.
|inactive|BDICAP has 90 seconds left.
|inactive|TRXXJEH has 20 seconds left.
|
|t:|1727975966
|move|p2a: Jirachi|Psychic|p1a: Chris
|-damage|p1a: Chris|64/100
|-unboost|p1a: Chris|spd|1
|move|p1a: Chris|Self-Destruct|p2a: Jirachi
|-resisted|p2a: Jirachi
|-damage|p2a: Jirachi|0 fnt
|faint|p1a: Chris
|faint|p2a: Jirachi
|inactive|TRXXJEH has 30 seconds left this turn.
|
|t:|1727975987
|switch|p2a: Jolteon|Jolteon, F|50/100
|switch|p1a: Brian|Metagross|100/100
|
|-weather|Sandstorm|[upkeep]
|-damage|p2a: Jolteon|44/100|[from] Sandstorm
|-heal|p2a: Jolteon|50/100|[from] item: Leftovers
|upkeep
|turn|20
|inactive|TRXXJEH has 30 seconds left.
|inactive|TRXXJEH has 20 seconds left.
|
|t:|1727976011
|switch|p2a: Breloom|Breloom, M|70/100
|move|p1a: Brian|Meteor Mash|p2a: Breloom
|-damage|p2a: Breloom|0 fnt
|-status|p1a: Brian|slp
|-enditem|p1a: Brian|Lum Berry|[eat]
|-curestatus|p1a: Brian|slp|[msg]
|faint|p2a: Breloom
|inactive|TRXXJEH has 25 seconds left this turn.
|inactive|TRXXJEH has 20 seconds left.
|
|t:|1727976018
|switch|p2a: Dugtrio|Dugtrio, F|100/100
|
|-weather|Sandstorm|[upkeep]
|upkeep
|turn|21
|inactive|TRXXJEH has 30 seconds left this turn.
|
|t:|1727976035
|move|p2a: Dugtrio|Earthquake|p1a: Brian
|-supereffective|p1a: Brian
|-damage|p1a: Brian|0 fnt
|faint|p1a: Brian
|inactive|BDICAP has 60 seconds left.
|
|t:|1727976058
|switch|p1a: Peter|Salamence, M|100/100
|-ability|p1a: Peter|Intimidate|boost
|-unboost|p2a: Dugtrio|atk|1
|
|-weather|Sandstorm|[upkeep]
|-damage|p1a: Peter|94/100|[from] Sandstorm
|-heal|p1a: Peter|100/100|[from] item: Leftovers
|upkeep
|turn|22
|inactive|BDICAP has 60 seconds left.
|inactive|TRXXJEH has 30 seconds left.
|inactive|TRXXJEH has 20 seconds left.
|
|t:|1727976091
|switch|p2a: Zapdos|Zapdos|57/100
|move|p1a: Peter|Dragon Claw|p2a: Zapdos
|-damage|p2a: Zapdos|12/100
|
|-weather|Sandstorm|[upkeep]
|-damage|p1a: Peter|94/100|[from] Sandstorm
|-damage|p2a: Zapdos|5/100|[from] Sandstorm
|-heal|p1a: Peter|100/100|[from] item: Leftovers
|-heal|p2a: Zapdos|12/100|[from] item: Leftovers
|upkeep
|turn|23
|inactive|TRXXJEH has 30 seconds left this turn.
|inactive|TRXXJEH has 20 seconds left.
|
|t:|1727976102
|move|p2a: Zapdos|Thunderbolt|p1a: Peter
|-damage|p1a: Peter|22/100
|move|p1a: Peter|Dragon Claw|p2a: Zapdos
|-damage|p2a: Zapdos|0 fnt
|faint|p2a: Zapdos
|inactive|TRXXJEH has 25 seconds left this turn.
|inactive|TRXXJEH has 20 seconds left.
|
|t:|1727976108
|switch|p2a: Jolteon|Jolteon, F|50/100
|
|-weather|Sandstorm|[upkeep]
|-damage|p2a: Jolteon|44/100|[from] Sandstorm
|-damage|p1a: Peter|16/100|[from] Sandstorm
|-heal|p2a: Jolteon|50/100|[from] item: Leftovers
|-heal|p1a: Peter|22/100|[from] item: Leftovers
|upkeep
|turn|24
|inactive|TRXXJEH has 30 seconds left this turn.
|
|t:|1727976116
|move|p2a: Jolteon|Thunderbolt|p1a: Peter
|-damage|p1a: Peter|0 fnt
|faint|p1a: Peter
|
|t:|1727976119
|switch|p1a: Lois|Suicune|69/100 par
|
|-weather|Sandstorm|[upkeep]
|-damage|p2a: Jolteon|44/100|[from] Sandstorm
|-damage|p1a: Lois|62/100 par|[from] Sandstorm
|-heal|p2a: Jolteon|50/100|[from] item: Leftovers
|-heal|p1a: Lois|69/100 par|[from] item: Leftovers
|upkeep
|turn|25
|inactive|TRXXJEH has 30 seconds left.
|
|t:|1727976135
|move|p2a: Jolteon|Thunderbolt|p1a: Lois
|-supereffective|p1a: Lois
|-damage|p1a: Lois|6/100 par
|move|p1a: Lois|Surf|p2a: Jolteon
|-damage|p2a: Jolteon|9/100
|
|-weather|Sandstorm|[upkeep]
|-damage|p2a: Jolteon|2/100|[from] Sandstorm
|-damage|p1a: Lois|0 fnt|[from] Sandstorm
|faint|p1a: Lois
|-heal|p2a: Jolteon|9/100|[from] item: Leftovers
|upkeep
|
|t:|1727976140
|switch|p1a: Stewie|Aerodactyl, M|100/100
|turn|26
|inactive|TRXXJEH has 30 seconds left.
|
|t:|1727976157
|move|p1a: Stewie|Earthquake|p2a: Jolteon
|-supereffective|p2a: Jolteon
|-damage|p2a: Jolteon|0 fnt
|faint|p2a: Jolteon
|inactive|TRXXJEH has 30 seconds left.
|
|t:|1727976163
|switch|p2a: Dugtrio|Dugtrio, F|100/100
|
|-weather|Sandstorm|[upkeep]
|upkeep
|turn|27
|
|t:|1727976168
|move|p1a: Stewie|Earthquake|p2a: Dugtrio
|-damage|p2a: Dugtrio|0 fnt
|faint|p2a: Dugtrio
|
|win|BDICAP
|c|☆BDICAP|gg

</script>
<script type="application/json" class="data" id="replaydata-smogtours-gen3ou-794254">
{"id":"smogtours-gen3ou-794254","format":"[Gen 3] OU","players":["BDICAP","TRXXJEH"],"uploadtime":1727976168,"views":88,"formatid":"gen3ou","rating":null,"private":0,"password":null}
</script>

<script defer src="js/replays.js?9d40a366"></script>
