<!DOCTYPE html>
<meta charset="utf-8" />
<meta name="viewport" content="width=device-width" />

<title>[Gen 3] OU: BongMoodeus vs. Dhgss - Replays - Pok&eacute;mon Showdown!</title>

<meta name="description" content="Watch a replay of a Pok&eacute;mon battle between BongMoodeus and Dhgss! Format: [Gen 3] OU; Date: Nov 8, 2024" />
<!--

Hey, you! Looking in the source for the replay log?

You can find them in JSON format, just add `.json` at the end of a replay URL.

https://replay.pokemonshowdown.com/gen7randomdoublesbattle-865046831.json

Or, if you only need the log itself, add `.log` instead:

https://replay.pokemonshowdown.com/gen7randomdoublesbattle-865046831.log

-->

<link rel="stylesheet" href="//pokemonshowdown.com/style/global.css?0.023195364461161105" />
<link rel="stylesheet" href="//play.pokemonshowdown.com/style/font-awesome.css?0.13261647063804238" />
<link rel="stylesheet" href="//play.pokemonshowdown.com/style/battle.css?0.8753245789963631" />
<link rel="stylesheet" href="//play.pokemonshowdown.com/style/utilichart.css?0.8627959624976733" />

<!-- Global site tag (gtag.js) - Google Analytics -->
<script async src="https://www.googletagmanager.com/gtag/js?id=UA-26211653-1"></script>
<script>
  window.dataLayer = window.dataLayer || [];
  function gtag(){dataLayer.push(arguments);}
  gtag('js', new Date());

  gtag('config', 'UA-26211653-1');
</script>
<!-- End Google Analytics -->
<!-- Venatus Ad Manager - Install in <HEAD> of page -->
	<script src="https://hb.vntsm.com/v3/live/ad-manager.min.js" type="text/javascript" data-site-id="642aba63ec9a7b11c3c9c1be" data-mode="scan" async></script>
<!-- / Venatus Ad Manager -->

<style>
	@media (max-width:820px) {
		.battle {
			margin: 0 auto;
		}
		.battle-log {
			margin: 7px auto 0;
			max-width: 640px;
			height: 300px;
			position: static;
		}
	}
	.optgroup {
		display: inline-block;
		line-height: 22px;
		font-size: 10pt;
	}
	.optgroup .button {
		height: 25px;
		padding-top: 0;
		padding-bottom: 0;
	}
	.optgroup button.button {
		padding-left: 12px;
		padding-right: 12px;
	}
	.linklist {
		list-style: none;
		margin: 0.5em 0;
		padding: 0;
	}
	.linklist li {
		padding: 2px 0;
	}
	.sidebar {
		float: left;
		width: 320px;
	}
	.bar-wrapper {
		max-width: 1100px;
		margin: 0 auto;
	}
	.bar-wrapper.has-sidebar {
		max-width: 1430px;
	}
	.mainbar {
		margin: 0;
		padding-right: 1px;
	}
	.mainbar.has-sidebar {
		margin-left: 330px;
	}
	@media (min-width: 1511px) {
		.sidebar {
			width: 400px;
		}
		.bar-wrapper.has-sidebar {
			max-width: 1510px;
		}
		.mainbar.has-sidebar {
			margin-left: 410px;
		}
	}
	.section.first-section {
		margin-top: 9px;
	}
	.blocklink small {
		white-space: normal;
	}
	.button {
		vertical-align: middle;
	}
	.replay-controls {
		padding-top: 10px;
	}
	.replay-controls h1 {
		font-size: 16pt;
		font-weight: normal;
		color: #CCC;
	}
	.pagelink {
		text-align: center;
	}
	.pagelink a {
		width: 150px;
	}
	.textbox, .button {
		font-size: 11pt;
		vertical-align: middle;
	}
	@media (max-width: 450px) {
		.button {
			font-size: 9pt;
		}
	}
</style>

<div>

	<header>
		<div class="nav-wrapper"><ul class="nav">
			<li><a class="button nav-first" href="//pokemonshowdown.com/"><img src="//pokemonshowdown.com/images/pokemonshowdownbeta.png" srcset="//pokemonshowdown.com/images/pokemonshowdownbeta.png 1x, //pokemonshowdown.com/images/pokemonshowdownbeta@2x.png 2x" alt="Pok&eacute;mon Showdown" width="146" height="44" /> Home</a></li>
			<li><a class="button" href="//pokemonshowdown.com/dex/">Pok&eacute;dex</a></li>
			<li><a class="button cur" href="/">Replays</a></li>
			<li><a class="button" href="//pokemonshowdown.com/ladder/">Ladder</a></li>
			<li><a class="button nav-last" href="//pokemonshowdown.com/forums/">Forum</a></li>
			<li><a class="button greenbutton nav-first nav-last" href="//play.pokemonshowdown.com/">Play</a></li>
		</ul></div>
	</header>

	<div class="main" id="main">

		<noscript><section class="section">You need to enable JavaScript to use this page; sorry!</section></noscript>

	</div>

</div>

<script defer nomodule src="//play.pokemonshowdown.com/js/lib/ps-polyfill.js"></script>
<script defer src="//play.pokemonshowdown.com/js/lib/preact.min.js"></script>

<script defer src="//play.pokemonshowdown.com/config/config.js?2bddbc15"></script>
<script defer src="//play.pokemonshowdown.com/js/lib/jquery-1.11.0.min.js"></script>
<script defer src="//play.pokemonshowdown.com/js/lib/html-sanitizer-minified.js"></script>
<script defer src="//play.pokemonshowdown.com/js/battle-sound.js"></script>
<script defer src="//play.pokemonshowdown.com/js/battledata.js?0.7209276989879541"></script>
<script defer src="//play.pokemonshowdown.com/data/pokedex-mini.js?0.6111056340867951"></script>
<script defer src="//play.pokemonshowdown.com/data/pokedex-mini-bw.js?0.3532142036491459"></script>
<script defer src="//play.pokemonshowdown.com/data/graphics.js?0.24223875632456182"></script>
<script defer src="//play.pokemonshowdown.com/data/pokedex.js?0.38839984266356864"></script>
<script defer src="//play.pokemonshowdown.com/data/moves.js?0.21866028504024015"></script>
<script defer src="//play.pokemonshowdown.com/data/abilities.js?0.2005157953846628"></script>
<script defer src="//play.pokemonshowdown.com/data/items.js?0.9894211263848525"></script>
<script defer src="//play.pokemonshowdown.com/data/teambuilder-tables.js?0.6008791140282215"></script>
<script defer src="//play.pokemonshowdown.com/js/battle-tooltips.js?0.7580118955022959"></script>
<script defer src="//play.pokemonshowdown.com/js/battle.js?0.6057722274234274"></script>

<script defer src="js/utils.js?e31f9a17"></script>
<script defer src="js/replays-battle.js?7008c182"></script>

<!-- don't scrape this data! just add .json or .log after the URL!
Full API docs: https://github.com/smogon/pokemon-showdown-client/blob/master/WEB-API.md -->
<script type="text/plain" class="log" id="replaylog-smogtours-gen3ou-805309">
|inactive|Battle timer is ON: inactive players will automatically lose when time's up.
|t:|1731103371
|gametype|singles
|player|p1|BongMoodeus|pokemonbreederf-gen4|
|player|p2|Dhgss|ethan|
|teamsize|p1|6
|teamsize|p2|6
|gen|3
|tier|[Gen 3] OU
|rule|Sleep Clause Mod: Limit one foe put to sleep
|rule|Switch Priority Clause Mod: Faster Pokémon switch first
|rule|Species Clause: Limit one of each Pokémon
|rule|OHKO Clause: OHKO moves are banned
|rule|Evasion Items Clause: Evasion items are banned
|rule|Evasion Moves Clause: Evasion moves are banned
|rule|Endless Battle Clause: Forcing endless battles is banned
|rule|HP Percentage Mod: HP is shown in percentages
|rule|One Boost Passer Clause: Limit one Baton Passer that has a way to boost its stats
|rule|Freeze Clause Mod: Limit one foe frozen
|
|t:|1731103371
|start
|switch|p1a: Cloysterius|Cloyster, M|100/100
|switch|p2a: Hariyama|Hariyama, M|100/100
|turn|1
|c|☆BongMoodeus|gl hf!
|c|☆Dhgss|GL!
|
|t:|1731103394
|move|p1a: Cloysterius|Spikes|p2a: Hariyama
|-sidestart|p2: Dhgss|Spikes
|move|p2a: Hariyama|Cross Chop|p1a: Cloysterius|[miss]
|-miss|p2a: Hariyama|p1a: Cloysterius
|
|upkeep
|turn|2
|
|t:|1731103401
|move|p1a: Cloysterius|Explosion|p2a: Hariyama
|-damage|p2a: Hariyama|7/100
|faint|p1a: Cloysterius
|
|t:|1731103406
|switch|p1a: Gengarus|Gengar, M|100/100
|
|-heal|p2a: Hariyama|13/100|[from] item: Leftovers
|upkeep
|turn|3
|
|t:|1731103411
|move|p1a: Gengarus|Ice Punch|p2a: Hariyama
|-damage|p2a: Hariyama|0 fnt
|faint|p2a: Hariyama
|
|t:|1731103416
|switch|p2a: Celebi|Celebi|100/100
|-damage|p2a: Celebi|88/100|[from] Spikes
|
|-heal|p2a: Celebi|94/100|[from] item: Leftovers
|upkeep
|turn|4
|
|t:|1731103424
|switch|p1a: Celibite|Celebi|100/100
|move|p2a: Celebi|Leech Seed|p1a: Celibite
|-immune|p1a: Celibite
|
|-heal|p2a: Celebi|100/100|[from] item: Leftovers
|upkeep
|turn|5
|
|t:|1731103432
|move|p1a: Celibite|Baton Pass|p1a: Celibite
|
|t:|1731103436
|switch|p1a: Aerodactyl|Aerodactyl, F|100/100|[from] Baton Pass
|move|p2a: Celebi|Baton Pass|p2a: Celebi
|
|t:|1731103446
|switch|p2a: Suicune|Suicune|100/100|[from] Baton Pass
|-damage|p2a: Suicune|88/100|[from] Spikes
|
|-heal|p2a: Suicune|94/100|[from] item: Leftovers
|upkeep
|turn|6
|
|t:|1731103457
|switch|p1a: Celibite|Celebi|100/100
|move|p2a: Suicune|Surf|p1a: Celibite
|-resisted|p1a: Celibite
|-damage|p1a: Celibite|87/100
|
|-heal|p1a: Celibite|94/100|[from] item: Leftovers
|-heal|p2a: Suicune|100/100|[from] item: Leftovers
|upkeep
|turn|7
|
|t:|1731103466
|move|p1a: Celibite|Swords Dance|p1a: Celibite
|-boost|p1a: Celibite|atk|2
|move|p2a: Suicune|Calm Mind|p2a: Suicune
|-boost|p2a: Suicune|spa|1
|-boost|p2a: Suicune|spd|1
|
|-heal|p1a: Celibite|99/100|[from] item: Leftovers
|upkeep
|turn|8
|
|t:|1731103474
|move|p1a: Celibite|Leech Seed|p2a: Suicune|[miss]
|-miss|p1a: Celibite|p2a: Suicune
|move|p2a: Suicune|Surf|p1a: Celibite
|-resisted|p1a: Celibite
|-damage|p1a: Celibite|80/100
|
|-heal|p1a: Celibite|87/100|[from] item: Leftovers
|upkeep
|turn|9
|
|t:|1731103483
|move|p1a: Celibite|Leech Seed|p2a: Suicune
|-start|p2a: Suicune|move: Leech Seed
|move|p2a: Suicune|Surf|p1a: Celibite
|-resisted|p1a: Celibite
|-damage|p1a: Celibite|66/100
|
|-heal|p1a: Celibite|72/100|[from] item: Leftovers
|-damage|p2a: Suicune|88/100|[from] Leech Seed|[of] p1a: Celibite
|-heal|p1a: Celibite|85/100|[silent]
|upkeep
|turn|10
|
|t:|1731103510
|move|p1a: Celibite|Swords Dance|p1a: Celibite
|-boost|p1a: Celibite|atk|2
|move|p2a: Suicune|Calm Mind|p2a: Suicune
|-boost|p2a: Suicune|spa|1
|-boost|p2a: Suicune|spd|1
|
|-heal|p1a: Celibite|91/100|[from] item: Leftovers
|-heal|p2a: Suicune|94/100|[from] item: Leftovers
|-damage|p2a: Suicune|82/100|[from] Leech Seed|[of] p1a: Celibite
|-heal|p1a: Celibite|100/100|[silent]
|upkeep
|turn|11
|
|t:|1731103522
|move|p1a: Celibite|Swords Dance|p1a: Celibite
|-boost|p1a: Celibite|atk|2
|move|p2a: Suicune|Surf|p1a: Celibite
|-resisted|p1a: Celibite
|-damage|p1a: Celibite|76/100
|
|-heal|p1a: Celibite|82/100|[from] item: Leftovers
|-heal|p2a: Suicune|88/100|[from] item: Leftovers
|-damage|p2a: Suicune|76/100|[from] Leech Seed|[of] p1a: Celibite
|-heal|p1a: Celibite|95/100|[silent]
|upkeep
|turn|12
|
|t:|1731103528
|move|p1a: Celibite|Swords Dance|p1a: Celibite
|-boost|p1a: Celibite|atk|0
|move|p2a: Suicune|Surf|p1a: Celibite
|-resisted|p1a: Celibite
|-damage|p1a: Celibite|71/100
|
|-heal|p1a: Celibite|77/100|[from] item: Leftovers
|-heal|p2a: Suicune|82/100|[from] item: Leftovers
|-damage|p2a: Suicune|70/100|[from] Leech Seed|[of] p1a: Celibite
|-heal|p1a: Celibite|89/100|[silent]
|upkeep
|turn|13
|
|t:|1731103535
|move|p1a: Celibite|Swords Dance|p1a: Celibite
|-boost|p1a: Celibite|atk|0
|move|p2a: Suicune|Surf|p1a: Celibite
|-resisted|p1a: Celibite
|-damage|p1a: Celibite|63/100
|
|-heal|p1a: Celibite|70/100|[from] item: Leftovers
|-heal|p2a: Suicune|76/100|[from] item: Leftovers
|-damage|p2a: Suicune|63/100|[from] Leech Seed|[of] p1a: Celibite
|-heal|p1a: Celibite|82/100|[silent]
|upkeep
|turn|14
|
|t:|1731103541
|move|p1a: Celibite|Swords Dance|p1a: Celibite
|-boost|p1a: Celibite|atk|0
|move|p2a: Suicune|Surf|p1a: Celibite
|-resisted|p1a: Celibite
|-damage|p1a: Celibite|56/100
|
|-heal|p1a: Celibite|63/100|[from] item: Leftovers
|-heal|p2a: Suicune|70/100|[from] item: Leftovers
|-damage|p2a: Suicune|57/100|[from] Leech Seed|[of] p1a: Celibite
|-heal|p1a: Celibite|75/100|[silent]
|upkeep
|turn|15
|
|t:|1731103551
|switch|p2a: Dugtrio|Dugtrio, M|100/100
|-damage|p2a: Dugtrio|88/100|[from] Spikes
|move|p1a: Celibite|Recover|p1a: Celibite
|-heal|p1a: Celibite|100/100
|
|upkeep
|turn|16
|
|t:|1731103559
|move|p2a: Dugtrio|Hidden Power|p1a: Celibite
|-supereffective|p1a: Celibite
|-damage|p1a: Celibite|24/100
|move|p1a: Celibite|Baton Pass|p1a: Celibite
|
|t:|1731103563
|switch|p1a: Aerodactyl|Aerodactyl, F|100/100|[from] Baton Pass
|
|upkeep
|turn|17
|c|☆Dhgss|ouch
|c|☆Dhgss|lol
|
|t:|1731103579
|move|p1a: Aerodactyl|Substitute|p1a: Aerodactyl
|-start|p1a: Aerodactyl|Substitute
|-damage|p1a: Aerodactyl|76/100
|move|p2a: Dugtrio|Hidden Power|p1a: Aerodactyl
|-resisted|p1a: Aerodactyl
|-activate|p1a: Aerodactyl|Substitute|[damage]
|
|upkeep
|turn|18
|
|t:|1731103584
|move|p1a: Aerodactyl|Double-Edge|p2a: Dugtrio
|-damage|p2a: Dugtrio|0 fnt
|faint|p2a: Dugtrio
|
|t:|1731103590
|switch|p2a: Suicune|Suicune|57/100
|-damage|p2a: Suicune|45/100|[from] Spikes
|
|-heal|p2a: Suicune|51/100|[from] item: Leftovers
|upkeep
|turn|19
|
|t:|1731103595
|move|p1a: Aerodactyl|Double-Edge|p2a: Suicune
|-damage|p2a: Suicune|0 fnt
|faint|p2a: Suicune
|-message|Dhgss forfeited.
|
|win|BongMoodeus
|c|☆Dhgss|GG
|c|☆BongMoodeus|GG

</script>
<script type="application/json" class="data" id="replaydata-smogtours-gen3ou-805309">
{"id":"smogtours-gen3ou-805309","format":"[Gen 3] OU","players":["BongMoodeus","Dhgss"],"uploadtime":1731103606,"views":55,"formatid":"gen3ou","rating":null,"private":0,"password":null}
</script>

<script defer src="js/replays.js?9d40a366"></script>
