<!DOCTYPE html>
<meta charset="utf-8" />
<meta name="viewport" content="width=device-width" />

<title>[Gen 3] OU: almarkowbender vs. Zpanther - Replays - Pok&eacute;mon Showdown!</title>

<meta name="description" content="Watch a replay of a Pok&eacute;mon battle between almarkowbender and Zpanther! Format: [Gen 3] OU; Date: Oct 18, 2024" />
<!--

Hey, you! Looking in the source for the replay log?

You can find them in JSON format, just add `.json` at the end of a replay URL.

https://replay.pokemonshowdown.com/gen7randomdoublesbattle-865046831.json

Or, if you only need the log itself, add `.log` instead:

https://replay.pokemonshowdown.com/gen7randomdoublesbattle-865046831.log

-->

<link rel="stylesheet" href="//pokemonshowdown.com/style/global.css?0.767286132409787" />
<link rel="stylesheet" href="//play.pokemonshowdown.com/style/font-awesome.css?0.9266228007934947" />
<link rel="stylesheet" href="//play.pokemonshowdown.com/style/battle.css?0.7924700842790926" />
<link rel="stylesheet" href="//play.pokemonshowdown.com/style/utilichart.css?0.8777417872839479" />

<!-- Global site tag (gtag.js) - Google Analytics -->
<script async src="https://www.googletagmanager.com/gtag/js?id=UA-26211653-1"></script>
<script>
  window.dataLayer = window.dataLayer || [];
  function gtag(){dataLayer.push(arguments);}
  gtag('js', new Date());

  gtag('config', 'UA-26211653-1');
</script>
<!-- End Google Analytics -->
<!-- Venatus Ad Manager - Install in <HEAD> of page -->
	<script src="https://hb.vntsm.com/v3/live/ad-manager.min.js" type="text/javascript" data-site-id="642aba63ec9a7b11c3c9c1be" data-mode="scan" async></script>
<!-- / Venatus Ad Manager -->

<style>
	@media (max-width:820px) {
		.battle {
			margin: 0 auto;
		}
		.battle-log {
			margin: 7px auto 0;
			max-width: 640px;
			height: 300px;
			position: static;
		}
	}
	.optgroup {
		display: inline-block;
		line-height: 22px;
		font-size: 10pt;
	}
	.optgroup .button {
		height: 25px;
		padding-top: 0;
		padding-bottom: 0;
	}
	.optgroup button.button {
		padding-left: 12px;
		padding-right: 12px;
	}
	.linklist {
		list-style: none;
		margin: 0.5em 0;
		padding: 0;
	}
	.linklist li {
		padding: 2px 0;
	}
	.sidebar {
		float: left;
		width: 320px;
	}
	.bar-wrapper {
		max-width: 1100px;
		margin: 0 auto;
	}
	.bar-wrapper.has-sidebar {
		max-width: 1430px;
	}
	.mainbar {
		margin: 0;
		padding-right: 1px;
	}
	.mainbar.has-sidebar {
		margin-left: 330px;
	}
	@media (min-width: 1511px) {
		.sidebar {
			width: 400px;
		}
		.bar-wrapper.has-sidebar {
			max-width: 1510px;
		}
		.mainbar.has-sidebar {
			margin-left: 410px;
		}
	}
	.section.first-section {
		margin-top: 9px;
	}
	.blocklink small {
		white-space: normal;
	}
	.button {
		vertical-align: middle;
	}
	.replay-controls {
		padding-top: 10px;
	}
	.replay-controls h1 {
		font-size: 16pt;
		font-weight: normal;
		color: #CCC;
	}
	.pagelink {
		text-align: center;
	}
	.pagelink a {
		width: 150px;
	}
	.textbox, .button {
		font-size: 11pt;
		vertical-align: middle;
	}
	@media (max-width: 450px) {
		.button {
			font-size: 9pt;
		}
	}
</style>

<div>

	<header>
		<div class="nav-wrapper"><ul class="nav">
			<li><a class="button nav-first" href="//pokemonshowdown.com/"><img src="//pokemonshowdown.com/images/pokemonshowdownbeta.png" srcset="//pokemonshowdown.com/images/pokemonshowdownbeta.png 1x, //pokemonshowdown.com/images/pokemonshowdownbeta@2x.png 2x" alt="Pok&eacute;mon Showdown" width="146" height="44" /> Home</a></li>
			<li><a class="button" href="//pokemonshowdown.com/dex/">Pok&eacute;dex</a></li>
			<li><a class="button cur" href="/">Replays</a></li>
			<li><a class="button" href="//pokemonshowdown.com/ladder/">Ladder</a></li>
			<li><a class="button nav-last" href="//pokemonshowdown.com/forums/">Forum</a></li>
			<li><a class="button greenbutton nav-first nav-last" href="//play.pokemonshowdown.com/">Play</a></li>
		</ul></div>
	</header>

	<div class="main" id="main">

		<noscript><section class="section">You need to enable JavaScript to use this page; sorry!</section></noscript>

	</div>

</div>

<script defer nomodule src="//play.pokemonshowdown.com/js/lib/ps-polyfill.js"></script>
<script defer src="//play.pokemonshowdown.com/js/lib/preact.min.js"></script>

<script defer src="//play.pokemonshowdown.com/config/config.js?6dec07f6"></script>
<script defer src="//play.pokemonshowdown.com/js/lib/jquery-1.11.0.min.js"></script>
<script defer src="//play.pokemonshowdown.com/js/lib/html-sanitizer-minified.js"></script>
<script defer src="//play.pokemonshowdown.com/js/battle-sound.js"></script>
<script defer src="//play.pokemonshowdown.com/js/battledata.js?0.6315294753075389"></script>
<script defer src="//play.pokemonshowdown.com/data/pokedex-mini.js?0.7603743185311358"></script>
<script defer src="//play.pokemonshowdown.com/data/pokedex-mini-bw.js?0.030888842834281283"></script>
<script defer src="//play.pokemonshowdown.com/data/graphics.js?0.05593094747507488"></script>
<script defer src="//play.pokemonshowdown.com/data/pokedex.js?0.47064822249611904"></script>
<script defer src="//play.pokemonshowdown.com/data/moves.js?0.8583693120512459"></script>
<script defer src="//play.pokemonshowdown.com/data/abilities.js?0.16017181182386842"></script>
<script defer src="//play.pokemonshowdown.com/data/items.js?0.4163379185673943"></script>
<script defer src="//play.pokemonshowdown.com/data/teambuilder-tables.js?0.31075597372830477"></script>
<script defer src="//play.pokemonshowdown.com/js/battle-tooltips.js?0.6536193500708172"></script>
<script defer src="//play.pokemonshowdown.com/js/battle.js?0.1916591943277901"></script>

<script defer src="js/utils.js?e31f9a17"></script>
<script defer src="js/replays-battle.js?7008c182"></script>

<!-- don't scrape this data! just add .json or .log after the URL!
Full API docs: https://github.com/smogon/pokemon-showdown-client/blob/master/WEB-API.md -->
<script type="text/plain" class="log" id="replaylog-smogtours-gen3ou-799448">
|inactive|Battle timer is ON: inactive players will automatically lose when time's up.
|t:|1729213452
|gametype|singles
|player|p1|almarkowbender|170|
|player|p2|Zpanther|rose-zerosuit|
|teamsize|p1|6
|teamsize|p2|6
|gen|3
|tier|[Gen 3] OU
|rule|Sleep Clause Mod: Limit one foe put to sleep
|rule|Switch Priority Clause Mod: Faster Pokémon switch first
|rule|Species Clause: Limit one of each Pokémon
|rule|OHKO Clause: OHKO moves are banned
|rule|Evasion Items Clause: Evasion items are banned
|rule|Evasion Moves Clause: Evasion moves are banned
|rule|Endless Battle Clause: Forcing endless battles is banned
|rule|HP Percentage Mod: HP is shown in percentages
|rule|One Boost Passer Clause: Limit one Baton Passer that has a way to boost its stats
|rule|Freeze Clause Mod: Limit one foe frozen
|
|t:|1729213452
|start
|switch|p1a: Computer|Metagross|100/100
|switch|p2a: Metagross|Metagross|100/100
|turn|1
|c|☆Zpanther|hf
|c|☆almarkowbender|u 2
|
|t:|1729213469
|switch|p1a: Celebi|Celebi|100/100
|move|p2a: Metagross|Earthquake|p1a: Celebi
|-resisted|p1a: Celebi
|-damage|p1a: Celebi|84/100
|
|-heal|p1a: Celebi|90/100|[from] item: Leftovers
|upkeep
|turn|2
|
|t:|1729213476
|switch|p2a: Houndoom|Houndoom, F|100/100
|move|p1a: Celebi|Substitute|p1a: Celebi
|-start|p1a: Celebi|Substitute
|-damage|p1a: Celebi|65/100
|
|-heal|p1a: Celebi|71/100|[from] item: Leftovers
|upkeep
|turn|3
|
|t:|1729213486
|move|p1a: Celebi|Baton Pass|p1a: Celebi
|
|t:|1729213509
|switch|p1a: Terror|Tyranitar, M|100/100|[from] Baton Pass
|-weather|Sandstorm|[from] ability: Sand Stream|[of] p1a: Terror
|move|p2a: Houndoom|Fire Blast|p1a: Terror
|-resisted|p1a: Terror
|-end|p1a: Terror|Substitute
|
|-weather|Sandstorm|[upkeep]
|-damage|p2a: Houndoom|94/100|[from] Sandstorm
|-heal|p2a: Houndoom|100/100|[from] item: Leftovers
|upkeep
|turn|4
|
|t:|1729213516
|switch|p2a: Breloom|Breloom, F|100/100
|move|p1a: Terror|Earthquake|p2a: Breloom
|-resisted|p2a: Breloom
|-damage|p2a: Breloom|75/100
|
|-weather|Sandstorm|[upkeep]
|-damage|p2a: Breloom|69/100|[from] Sandstorm
|-heal|p2a: Breloom|75/100|[from] item: Leftovers
|upkeep
|turn|5
|
|t:|1729213530
|switch|p1a: Superconductor|Magneton|100/100
|move|p2a: Breloom|Sky Uppercut|p1a: Superconductor
|-supereffective|p1a: Superconductor
|-damage|p1a: Superconductor|0 fnt
|faint|p1a: Superconductor
|
|t:|1729213535
|switch|p1a: Gyarados|Gyarados, M|100/100
|-ability|p1a: Gyarados|Intimidate|boost
|-unboost|p2a: Breloom|atk|1
|
|-weather|Sandstorm|[upkeep]
|-damage|p1a: Gyarados|94/100|[from] Sandstorm
|-damage|p2a: Breloom|69/100|[from] Sandstorm
|-heal|p1a: Gyarados|100/100|[from] item: Leftovers
|-heal|p2a: Breloom|75/100|[from] item: Leftovers
|upkeep
|turn|6
|
|t:|1729213554
|move|p1a: Gyarados|Hidden Power|p2a: Breloom
|-supereffective|p2a: Breloom
|-damage|p2a: Breloom|0 fnt
|faint|p2a: Breloom
|
|t:|1729213566
|switch|p2a: Raikou|Raikou|100/100
|
|-weather|Sandstorm|[upkeep]
|-damage|p2a: Raikou|94/100|[from] Sandstorm
|-damage|p1a: Gyarados|94/100|[from] Sandstorm
|-heal|p2a: Raikou|100/100|[from] item: Leftovers
|-heal|p1a: Gyarados|100/100|[from] item: Leftovers
|upkeep
|turn|7
|
|t:|1729213572
|move|p2a: Raikou|Thunderbolt|p1a: Gyarados
|-supereffective|p1a: Gyarados
|-damage|p1a: Gyarados|0 fnt
|faint|p1a: Gyarados
|
|t:|1729213575
|switch|p1a: Computer|Metagross|100/100
|
|-weather|Sandstorm|[upkeep]
|-damage|p2a: Raikou|94/100|[from] Sandstorm
|-heal|p2a: Raikou|100/100|[from] item: Leftovers
|upkeep
|turn|8
|
|t:|1729213586
|switch|p2a: Claydol|Claydol|100/100
|move|p1a: Computer|Earthquake|p2a: Claydol
|-immune|p2a: Claydol
|
|-weather|Sandstorm|[upkeep]
|upkeep
|turn|9
|
|t:|1729213592
|switch|p1a: Celebi|Celebi|71/100
|move|p2a: Claydol|Earthquake|p1a: Celebi
|-resisted|p1a: Celebi
|-damage|p1a: Celebi|55/100
|
|-weather|Sandstorm|[upkeep]
|-damage|p1a: Celebi|49/100|[from] Sandstorm
|-heal|p1a: Celebi|55/100|[from] item: Leftovers
|upkeep
|turn|10
|
|t:|1729213597
|move|p1a: Celebi|Substitute|p1a: Celebi
|-start|p1a: Celebi|Substitute
|-damage|p1a: Celebi|30/100
|move|p2a: Claydol|Ice Beam|p1a: Celebi
|-supereffective|p1a: Celebi
|-end|p1a: Celebi|Substitute
|
|-weather|Sandstorm|[upkeep]
|-damage|p1a: Celebi|24/100|[from] Sandstorm
|-heal|p1a: Celebi|30/100|[from] item: Leftovers
|upkeep
|turn|11
|
|t:|1729213608
|move|p1a: Celebi|Leech Seed|p2a: Claydol|[miss]
|-miss|p1a: Celebi|p2a: Claydol
|move|p2a: Claydol|Ice Beam|p1a: Celebi
|-supereffective|p1a: Celebi
|-damage|p1a: Celebi|5/100
|
|-weather|Sandstorm|[upkeep]
|-damage|p1a: Celebi|0 fnt|[from] Sandstorm
|faint|p1a: Celebi
|upkeep
|
|t:|1729213630
|switch|p1a: Computer|Metagross|100/100
|turn|12
|inactive|almarkowbender has 270 seconds left.
|
|t:|1729213673
|switch|p2a: Metagross|Metagross|100/100
|move|p1a: Computer|Explosion|p2a: Metagross
|-resisted|p2a: Metagross
|-damage|p2a: Metagross|0 fnt
|faint|p1a: Computer
|faint|p2a: Metagross
|
|t:|1729213694
|switch|p1a: Salamence|Salamence, F|100/100
|switch|p2a: Claydol|Claydol|100/100
|-ability|p1a: Salamence|Intimidate|boost
|-unboost|p2a: Claydol|atk|1
|
|-weather|Sandstorm|[upkeep]
|-damage|p1a: Salamence|94/100|[from] Sandstorm
|-heal|p1a: Salamence|100/100|[from] item: Leftovers
|upkeep
|turn|13
|inactive|almarkowbender has 240 seconds left.
|inactive|almarkowbender has 210 seconds left.
|
|t:|1729213758
|move|p1a: Salamence|Dragon Dance|p1a: Salamence
|-boost|p1a: Salamence|atk|1
|-boost|p1a: Salamence|spe|1
|move|p2a: Claydol|Ice Beam|p1a: Salamence
|-supereffective|p1a: Salamence
|-damage|p1a: Salamence|37/100
|
|-weather|Sandstorm|[upkeep]
|-damage|p1a: Salamence|31/100|[from] Sandstorm
|-heal|p1a: Salamence|37/100|[from] item: Leftovers
|upkeep
|turn|14
|
|t:|1729213761
|move|p1a: Salamence|Hidden Power|p2a: Claydol
|-damage|p2a: Claydol|36/100
|move|p2a: Claydol|Ice Beam|p1a: Salamence
|-supereffective|p1a: Salamence
|-damage|p1a: Salamence|0 fnt
|faint|p1a: Salamence
|
|t:|1729213764
|switch|p1a: Terror|Tyranitar, M|100/100
|
|-weather|Sandstorm|[upkeep]
|-heal|p2a: Claydol|42/100|[from] item: Leftovers
|upkeep
|turn|15
|
|t:|1729213771
|switch|p2a: Gyarados|Gyarados, M|100/100
|-ability|p2a: Gyarados|Intimidate|boost
|-unboost|p1a: Terror|atk|1
|move|p1a: Terror|Dragon Dance|p1a: Terror
|-boost|p1a: Terror|atk|1
|-boost|p1a: Terror|spe|1
|
|-weather|Sandstorm|[upkeep]
|-damage|p2a: Gyarados|94/100|[from] Sandstorm
|-heal|p2a: Gyarados|100/100|[from] item: Leftovers
|upkeep
|turn|16
|
|t:|1729213785
|move|p1a: Terror|Dragon Dance|p1a: Terror
|-boost|p1a: Terror|atk|1
|-boost|p1a: Terror|spe|1
|move|p2a: Gyarados|Earthquake|p1a: Terror
|-supereffective|p1a: Terror
|-damage|p1a: Terror|24/100
|
|-weather|Sandstorm|[upkeep]
|-damage|p2a: Gyarados|94/100|[from] Sandstorm
|-heal|p2a: Gyarados|100/100|[from] item: Leftovers
|upkeep
|turn|17
|
|t:|1729213788
|switch|p2a: Claydol|Claydol|42/100
|move|p1a: Terror|Rock Slide|p2a: Claydol
|-resisted|p2a: Claydol
|-damage|p2a: Claydol|10/100
|
|-weather|Sandstorm|[upkeep]
|-heal|p2a: Claydol|16/100|[from] item: Leftovers
|upkeep
|turn|18
|inactive|almarkowbender has 240 seconds left.
|
|t:|1729213804
|move|p1a: Terror|Hidden Power|p2a: Claydol
|-supereffective|p2a: Claydol
|-damage|p2a: Claydol|0 fnt
|faint|p2a: Claydol
|
|t:|1729213807
|switch|p2a: Gyarados|Gyarados, M|100/100
|-ability|p2a: Gyarados|Intimidate|boost
|-unboost|p1a: Terror|atk|1
|
|-weather|Sandstorm|[upkeep]
|-damage|p2a: Gyarados|94/100|[from] Sandstorm
|-heal|p2a: Gyarados|100/100|[from] item: Leftovers
|upkeep
|turn|19
|
|t:|1729213818
|switch|p2a: Houndoom|Houndoom, F|100/100
|move|p1a: Terror|Rock Slide|p2a: Houndoom
|-supereffective|p2a: Houndoom
|-damage|p2a: Houndoom|0 fnt
|faint|p2a: Houndoom
|
|t:|1729213821
|switch|p2a: Gyarados|Gyarados, M|100/100
|-ability|p2a: Gyarados|Intimidate|boost
|-unboost|p1a: Terror|atk|1
|
|-weather|Sandstorm|[upkeep]
|-damage|p2a: Gyarados|94/100|[from] Sandstorm
|-heal|p2a: Gyarados|100/100|[from] item: Leftovers
|upkeep
|turn|20
|
|t:|1729213825
|move|p1a: Terror|Rock Slide|p2a: Gyarados
|-supereffective|p2a: Gyarados
|-damage|p2a: Gyarados|32/100
|move|p2a: Gyarados|Earthquake|p1a: Terror
|-supereffective|p1a: Terror
|-damage|p1a: Terror|0 fnt
|faint|p1a: Terror
|
|win|Zpanther
|c|☆almarkowbender|gg
|c|☆Zpanther|ggs

</script>
<script type="application/json" class="data" id="replaydata-smogtours-gen3ou-799448">
{"id":"smogtours-gen3ou-799448","format":"[Gen 3] OU","players":["almarkowbender","Zpanther"],"uploadtime":1729213825,"views":132,"formatid":"gen3ou","rating":null,"private":0,"password":null}
</script>

<script defer src="js/replays.js?9d40a366"></script>
