<!DOCTYPE html>
<meta charset="utf-8" />
<meta name="viewport" content="width=device-width" />

<title>[Gen 3] OU: pkLeech vs. Ghostfall22 - Replays - Pok&eacute;mon Showdown!</title>

<meta name="description" content="Watch a replay of a Pok&eacute;mon battle between pkLeech and Ghostfall22! Format: [Gen 3] OU; Date: Oct 25, 2024" />
<!--

Hey, you! Looking in the source for the replay log?

You can find them in JSON format, just add `.json` at the end of a replay URL.

https://replay.pokemonshowdown.com/gen7randomdoublesbattle-865046831.json

Or, if you only need the log itself, add `.log` instead:

https://replay.pokemonshowdown.com/gen7randomdoublesbattle-865046831.log

-->

<link rel="stylesheet" href="//pokemonshowdown.com/style/global.css?0.767286132409787" />
<link rel="stylesheet" href="//play.pokemonshowdown.com/style/font-awesome.css?0.9266228007934947" />
<link rel="stylesheet" href="//play.pokemonshowdown.com/style/battle.css?0.7924700842790926" />
<link rel="stylesheet" href="//play.pokemonshowdown.com/style/utilichart.css?0.8777417872839479" />

<!-- Global site tag (gtag.js) - Google Analytics -->
<script async src="https://www.googletagmanager.com/gtag/js?id=UA-26211653-1"></script>
<script>
  window.dataLayer = window.dataLayer || [];
  function gtag(){dataLayer.push(arguments);}
  gtag('js', new Date());

  gtag('config', 'UA-26211653-1');
</script>
<!-- End Google Analytics -->
<!-- Venatus Ad Manager - Install in <HEAD> of page -->
	<script src="https://hb.vntsm.com/v3/live/ad-manager.min.js" type="text/javascript" data-site-id="642aba63ec9a7b11c3c9c1be" data-mode="scan" async></script>
<!-- / Venatus Ad Manager -->

<style>
	@media (max-width:820px) {
		.battle {
			margin: 0 auto;
		}
		.battle-log {
			margin: 7px auto 0;
			max-width: 640px;
			height: 300px;
			position: static;
		}
	}
	.optgroup {
		display: inline-block;
		line-height: 22px;
		font-size: 10pt;
	}
	.optgroup .button {
		height: 25px;
		padding-top: 0;
		padding-bottom: 0;
	}
	.optgroup button.button {
		padding-left: 12px;
		padding-right: 12px;
	}
	.linklist {
		list-style: none;
		margin: 0.5em 0;
		padding: 0;
	}
	.linklist li {
		padding: 2px 0;
	}
	.sidebar {
		float: left;
		width: 320px;
	}
	.bar-wrapper {
		max-width: 1100px;
		margin: 0 auto;
	}
	.bar-wrapper.has-sidebar {
		max-width: 1430px;
	}
	.mainbar {
		margin: 0;
		padding-right: 1px;
	}
	.mainbar.has-sidebar {
		margin-left: 330px;
	}
	@media (min-width: 1511px) {
		.sidebar {
			width: 400px;
		}
		.bar-wrapper.has-sidebar {
			max-width: 1510px;
		}
		.mainbar.has-sidebar {
			margin-left: 410px;
		}
	}
	.section.first-section {
		margin-top: 9px;
	}
	.blocklink small {
		white-space: normal;
	}
	.button {
		vertical-align: middle;
	}
	.replay-controls {
		padding-top: 10px;
	}
	.replay-controls h1 {
		font-size: 16pt;
		font-weight: normal;
		color: #CCC;
	}
	.pagelink {
		text-align: center;
	}
	.pagelink a {
		width: 150px;
	}
	.textbox, .button {
		font-size: 11pt;
		vertical-align: middle;
	}
	@media (max-width: 450px) {
		.button {
			font-size: 9pt;
		}
	}
</style>

<div>

	<header>
		<div class="nav-wrapper"><ul class="nav">
			<li><a class="button nav-first" href="//pokemonshowdown.com/"><img src="//pokemonshowdown.com/images/pokemonshowdownbeta.png" srcset="//pokemonshowdown.com/images/pokemonshowdownbeta.png 1x, //pokemonshowdown.com/images/pokemonshowdownbeta@2x.png 2x" alt="Pok&eacute;mon Showdown" width="146" height="44" /> Home</a></li>
			<li><a class="button" href="//pokemonshowdown.com/dex/">Pok&eacute;dex</a></li>
			<li><a class="button cur" href="/">Replays</a></li>
			<li><a class="button" href="//pokemonshowdown.com/ladder/">Ladder</a></li>
			<li><a class="button nav-last" href="//pokemonshowdown.com/forums/">Forum</a></li>
			<li><a class="button greenbutton nav-first nav-last" href="//play.pokemonshowdown.com/">Play</a></li>
		</ul></div>
	</header>

	<div class="main" id="main">

		<noscript><section class="section">You need to enable JavaScript to use this page; sorry!</section></noscript>

	</div>

</div>

<script defer nomodule src="//play.pokemonshowdown.com/js/lib/ps-polyfill.js"></script>
<script defer src="//play.pokemonshowdown.com/js/lib/preact.min.js"></script>

<script defer src="//play.pokemonshowdown.com/config/config.js?6dec07f6"></script>
<script defer src="//play.pokemonshowdown.com/js/lib/jquery-1.11.0.min.js"></script>
<script defer src="//play.pokemonshowdown.com/js/lib/html-sanitizer-minified.js"></script>
<script defer src="//play.pokemonshowdown.com/js/battle-sound.js"></script>
<script defer src="//play.pokemonshowdown.com/js/battledata.js?0.6315294753075389"></script>
<script defer src="//play.pokemonshowdown.com/data/pokedex-mini.js?0.7603743185311358"></script>
<script defer src="//play.pokemonshowdown.com/data/pokedex-mini-bw.js?0.030888842834281283"></script>
<script defer src="//play.pokemonshowdown.com/data/graphics.js?0.05593094747507488"></script>
<script defer src="//play.pokemonshowdown.com/data/pokedex.js?0.47064822249611904"></script>
<script defer src="//play.pokemonshowdown.com/data/moves.js?0.8583693120512459"></script>
<script defer src="//play.pokemonshowdown.com/data/abilities.js?0.16017181182386842"></script>
<script defer src="//play.pokemonshowdown.com/data/items.js?0.4163379185673943"></script>
<script defer src="//play.pokemonshowdown.com/data/teambuilder-tables.js?0.31075597372830477"></script>
<script defer src="//play.pokemonshowdown.com/js/battle-tooltips.js?0.6536193500708172"></script>
<script defer src="//play.pokemonshowdown.com/js/battle.js?0.1916591943277901"></script>

<script defer src="js/utils.js?e31f9a17"></script>
<script defer src="js/replays-battle.js?7008c182"></script>

<!-- don't scrape this data! just add .json or .log after the URL!
Full API docs: https://github.com/smogon/pokemon-showdown-client/blob/master/WEB-API.md -->
<script type="text/plain" class="log" id="replaylog-smogtours-gen3ou-801962">
|inactive|Battle timer is ON: inactive players will automatically lose when time's up.
|t:|1729896400
|gametype|singles
|player|p1|pkLeech|pokemonbreeder-gen4|
|player|p2|Ghostfall22|lady-gen4|
|teamsize|p1|6
|teamsize|p2|6
|gen|3
|tier|[Gen 3] OU
|rule|Sleep Clause Mod: Limit one foe put to sleep
|rule|Switch Priority Clause Mod: Faster Pokémon switch first
|rule|Species Clause: Limit one of each Pokémon
|rule|OHKO Clause: OHKO moves are banned
|rule|Evasion Items Clause: Evasion items are banned
|rule|Evasion Moves Clause: Evasion moves are banned
|rule|Endless Battle Clause: Forcing endless battles is banned
|rule|HP Percentage Mod: HP is shown in percentages
|rule|One Boost Passer Clause: Limit one Baton Passer that has a way to boost its stats
|rule|Freeze Clause Mod: Limit one foe frozen
|
|t:|1729896400
|start
|switch|p1a: Tyranitar|Tyranitar, M|100/100
|switch|p2a: Zapdos|Zapdos|100/100
|-weather|Sandstorm|[from] ability: Sand Stream|[of] p1a: Tyranitar
|turn|1
|c|☆Ghostfall22|hf
|
|t:|1729896418
|switch|p2a: Swampert|Swampert, F|100/100
|move|p1a: Tyranitar|Dragon Dance|p1a: Tyranitar
|-boost|p1a: Tyranitar|atk|1
|-boost|p1a: Tyranitar|spe|1
|
|-weather|Sandstorm|[upkeep]
|upkeep
|turn|2
|
|t:|1729896430
|switch|p1a: Blissey|Blissey, F|100/100
|move|p2a: Swampert|Earthquake|p1a: Blissey
|-crit|p1a: Blissey
|-damage|p1a: Blissey|28/100
|
|-weather|Sandstorm|[upkeep]
|-damage|p1a: Blissey|21/100|[from] Sandstorm
|-heal|p1a: Blissey|28/100|[from] item: Leftovers
|upkeep
|turn|3
|
|t:|1729896439
|switch|p1a: Skarmory|Skarmory, M|100/100
|move|p2a: Swampert|Earthquake|p1a: Skarmory
|-immune|p1a: Skarmory
|
|-weather|Sandstorm|[upkeep]
|upkeep
|turn|4
|
|t:|1729896443
|switch|p2a: Skarmory|Skarmory, F|100/100
|move|p1a: Skarmory|Spikes|p2a: Skarmory
|-sidestart|p2: Ghostfall22|Spikes
|
|-weather|Sandstorm|[upkeep]
|upkeep
|turn|5
|
|t:|1729896456
|move|p1a: Skarmory|Taunt|p2a: Skarmory
|-start|p2a: Skarmory|move: Taunt
|cant|p2a: Skarmory|move: Taunt|Spikes
|
|-weather|Sandstorm|[upkeep]
|upkeep
|turn|6
|
|t:|1729896470
|switch|p2a: Zapdos|Zapdos|100/100
|move|p1a: Skarmory|Spikes|p2a: Zapdos
|-sidestart|p2: Ghostfall22|Spikes
|
|-weather|Sandstorm|[upkeep]
|-damage|p2a: Zapdos|94/100|[from] Sandstorm
|-heal|p2a: Zapdos|100/100|[from] item: Leftovers
|upkeep
|turn|7
|
|t:|1729896479
|move|p2a: Zapdos|Thunderbolt|p1a: Skarmory
|-supereffective|p1a: Skarmory
|-damage|p1a: Skarmory|20/100
|-status|p1a: Skarmory|par
|move|p1a: Skarmory|Spikes|p2a: Zapdos
|-sidestart|p2: Ghostfall22|Spikes
|
|-weather|Sandstorm|[upkeep]
|-damage|p2a: Zapdos|94/100|[from] Sandstorm
|-heal|p2a: Zapdos|100/100|[from] item: Leftovers
|-heal|p1a: Skarmory|26/100 par|[from] item: Leftovers
|upkeep
|turn|8
|
|t:|1729896485
|move|p2a: Zapdos|Thunderbolt|p1a: Skarmory
|-supereffective|p1a: Skarmory
|-damage|p1a: Skarmory|0 fnt
|faint|p1a: Skarmory
|
|t:|1729896488
|switch|p1a: Blissey|Blissey, F|28/100
|
|-weather|Sandstorm|[upkeep]
|-damage|p2a: Zapdos|94/100|[from] Sandstorm
|-damage|p1a: Blissey|21/100|[from] Sandstorm
|-heal|p2a: Zapdos|100/100|[from] item: Leftovers
|-heal|p1a: Blissey|28/100|[from] item: Leftovers
|upkeep
|turn|9
|inactive|Ghostfall22 has 270 seconds left.
|
|t:|1729896531
|move|p2a: Zapdos|Hidden Power|p1a: Blissey
|-supereffective|p1a: Blissey
|-damage|p1a: Blissey|0 fnt
|faint|p1a: Blissey
|
|t:|1729896543
|switch|p1a: Jirachi|Jirachi|100/100
|
|-weather|Sandstorm|[upkeep]
|-damage|p2a: Zapdos|94/100|[from] Sandstorm
|-heal|p2a: Zapdos|100/100|[from] item: Leftovers
|upkeep
|turn|10
|inactive|Ghostfall22 has 270 seconds left.
|inactive|Ghostfall22 has 240 seconds left.
|
|t:|1729896583
|switch|p2a: Tyranitar|Tyranitar, M|100/100
|-damage|p2a: Tyranitar|76/100|[from] Spikes
|move|p1a: Jirachi|Calm Mind|p1a: Jirachi
|-boost|p1a: Jirachi|spa|1
|-boost|p1a: Jirachi|spd|1
|
|-weather|Sandstorm|[upkeep]
|upkeep
|turn|11
|inactive|Ghostfall22 has 240 seconds left.
|
|t:|1729896603
|move|p1a: Jirachi|Hidden Power|p2a: Tyranitar
|-supereffective|p2a: Tyranitar
|-damage|p2a: Tyranitar|11/100
|move|p2a: Tyranitar|Dragon Dance|p2a: Tyranitar
|-boost|p2a: Tyranitar|atk|1
|-boost|p2a: Tyranitar|spe|1
|
|-weather|Sandstorm|[upkeep]
|upkeep
|turn|12
|inactive|pkLeech has 270 seconds left.
|
|t:|1729896640
|switch|p1a: Swampert|Swampert, M|100/100
|move|p2a: Tyranitar|Earthquake|p1a: Swampert
|-damage|p1a: Swampert|55/100
|
|-weather|Sandstorm|[upkeep]
|-heal|p1a: Swampert|61/100|[from] item: Leftovers
|upkeep
|turn|13
|inactive|pkLeech has 270 seconds left.
|inactive|Ghostfall22 has 240 seconds left.
|
|t:|1729896645
|move|p2a: Tyranitar|Double-Edge|p1a: Swampert
|-damage|p1a: Swampert|10/100
|-damage|p2a: Tyranitar|0 fnt|[from] Recoil|[of] p1a: Swampert
|faint|p2a: Tyranitar
|inactive|Ghostfall22 has 240 seconds left.
|
|t:|1729896677
|switch|p2a: Celebi|Celebi|100/100
|-damage|p2a: Celebi|76/100|[from] Spikes
|
|-weather|Sandstorm|[upkeep]
|-damage|p2a: Celebi|69/100|[from] Sandstorm
|-heal|p2a: Celebi|76/100|[from] item: Leftovers
|-heal|p1a: Swampert|16/100|[from] item: Leftovers
|upkeep
|turn|14
|
|t:|1729896689
|switch|p1a: Salamence|Salamence, F|100/100
|-ability|p1a: Salamence|Intimidate|boost
|-unboost|p2a: Celebi|atk|1
|move|p2a: Celebi|Giga Drain|p1a: Salamence
|-resisted|p1a: Salamence
|-damage|p1a: Salamence|91/100
|-heal|p2a: Celebi|79/100|[from] drain|[of] p1a: Salamence
|
|-weather|Sandstorm|[upkeep]
|-damage|p1a: Salamence|85/100|[from] Sandstorm
|-damage|p2a: Celebi|73/100|[from] Sandstorm
|-heal|p1a: Salamence|91/100|[from] item: Leftovers
|-heal|p2a: Celebi|79/100|[from] item: Leftovers
|upkeep
|turn|15
|
|t:|1729896699
|switch|p2a: Skarmory|Skarmory, F|100/100
|move|p1a: Salamence|Flamethrower|p2a: Skarmory
|-supereffective|p2a: Skarmory
|-damage|p2a: Skarmory|43/100
|
|-weather|Sandstorm|[upkeep]
|-damage|p1a: Salamence|85/100|[from] Sandstorm
|-heal|p1a: Salamence|91/100|[from] item: Leftovers
|-heal|p2a: Skarmory|49/100|[from] item: Leftovers
|upkeep
|turn|16
|
|t:|1729896712
|switch|p2a: Aerodactyl|Aerodactyl, M|100/100
|move|p1a: Salamence|Flamethrower|p2a: Aerodactyl
|-resisted|p2a: Aerodactyl
|-damage|p2a: Aerodactyl|79/100
|
|-weather|Sandstorm|[upkeep]
|-damage|p1a: Salamence|85/100|[from] Sandstorm
|-heal|p1a: Salamence|91/100|[from] item: Leftovers
|upkeep
|turn|17
|inactive|Ghostfall22 has 240 seconds left.
|inactive|pkLeech has 270 seconds left.
|inactive|Ghostfall22 has 210 seconds left.
|inactive|pkLeech has 240 seconds left.
|inactive|pkLeech has 210 seconds left.
|inactive|pkLeech has 180 seconds left.
|inactive|pkLeech has 150 seconds left.
|inactive|pkLeech has 120 seconds left.
|
|t:|1729896911
|switch|p1a: Swampert|Swampert, M|16/100
|move|p2a: Aerodactyl|Earthquake|p1a: Swampert
|-damage|p1a: Swampert|0 fnt
|faint|p1a: Swampert
|inactive|pkLeech has 90 seconds left.
|
|t:|1729896924
|switch|p1a: Salamence|Salamence, F|91/100
|-ability|p1a: Salamence|Intimidate|boost
|-unboost|p2a: Aerodactyl|atk|1
|
|-weather|Sandstorm|[upkeep]
|-damage|p1a: Salamence|85/100|[from] Sandstorm
|-heal|p1a: Salamence|91/100|[from] item: Leftovers
|upkeep
|turn|18
|
|t:|1729896929
|switch|p2a: Skarmory|Skarmory, F|49/100
|move|p1a: Salamence|Dragon Claw|p2a: Skarmory
|-resisted|p2a: Skarmory
|-damage|p2a: Skarmory|31/100
|
|-weather|Sandstorm|[upkeep]
|-damage|p1a: Salamence|85/100|[from] Sandstorm
|-heal|p1a: Salamence|91/100|[from] item: Leftovers
|-heal|p2a: Skarmory|37/100|[from] item: Leftovers
|upkeep
|turn|19
|inactive|pkLeech has 90 seconds left.
|
|t:|1729896953
|move|p1a: Salamence|Flamethrower|p2a: Skarmory
|-supereffective|p2a: Skarmory
|-damage|p2a: Skarmory|0 fnt
|faint|p2a: Skarmory
|
|t:|1729896981
|switch|p2a: Zapdos|Zapdos|100/100
|
|-weather|Sandstorm|[upkeep]
|-damage|p1a: Salamence|85/100|[from] Sandstorm
|-damage|p2a: Zapdos|94/100|[from] Sandstorm
|-heal|p1a: Salamence|91/100|[from] item: Leftovers
|-heal|p2a: Zapdos|100/100|[from] item: Leftovers
|upkeep
|turn|20
|inactive|pkLeech has 90 seconds left.
|
|t:|1729897017
|move|p1a: Salamence|Dragon Claw|p2a: Zapdos
|-damage|p2a: Zapdos|60/100
|move|p2a: Zapdos|Thunderbolt|p1a: Salamence
|-damage|p1a: Salamence|36/100
|
|-weather|Sandstorm|[upkeep]
|-damage|p1a: Salamence|30/100|[from] Sandstorm
|-damage|p2a: Zapdos|54/100|[from] Sandstorm
|-heal|p1a: Salamence|36/100|[from] item: Leftovers
|-heal|p2a: Zapdos|60/100|[from] item: Leftovers
|upkeep
|turn|21
|
|t:|1729897030
|move|p1a: Salamence|Dragon Claw|p2a: Zapdos
|-crit|p2a: Zapdos
|-damage|p2a: Zapdos|0 fnt
|faint|p2a: Zapdos
|
|t:|1729897039
|switch|p2a: Aerodactyl|Aerodactyl, M|79/100
|
|-weather|Sandstorm|[upkeep]
|-damage|p1a: Salamence|30/100|[from] Sandstorm
|-heal|p1a: Salamence|36/100|[from] item: Leftovers
|upkeep
|turn|22
|inactive|pkLeech has 60 seconds left.
|
|t:|1729897082
|move|p2a: Aerodactyl|Earthquake|p1a: Salamence
|-immune|p1a: Salamence
|move|p1a: Salamence|Dragon Claw|p2a: Aerodactyl
|-damage|p2a: Aerodactyl|24/100
|
|-weather|Sandstorm|[upkeep]
|-damage|p1a: Salamence|30/100|[from] Sandstorm
|-heal|p1a: Salamence|36/100|[from] item: Leftovers
|upkeep
|turn|23
|
|t:|1729897099
|switch|p2a: Celebi|Celebi|79/100
|-damage|p2a: Celebi|54/100|[from] Spikes
|move|p1a: Salamence|Dragon Claw|p2a: Celebi
|-damage|p2a: Celebi|21/100
|
|-weather|Sandstorm|[upkeep]
|-damage|p1a: Salamence|30/100|[from] Sandstorm
|-damage|p2a: Celebi|15/100|[from] Sandstorm
|-heal|p1a: Salamence|36/100|[from] item: Leftovers
|-heal|p2a: Celebi|21/100|[from] item: Leftovers
|upkeep
|turn|24
|
|t:|1729897106
|move|p1a: Salamence|Dragon Claw|p2a: Celebi
|-damage|p2a: Celebi|0 fnt
|faint|p2a: Celebi
|
|t:|1729897115
|switch|p2a: Aerodactyl|Aerodactyl, M|24/100
|
|-weather|Sandstorm|[upkeep]
|-damage|p1a: Salamence|30/100|[from] Sandstorm
|-heal|p1a: Salamence|36/100|[from] item: Leftovers
|upkeep
|turn|25
|inactive|pkLeech has 60 seconds left.
|inactive|Ghostfall22 has 210 seconds left.
|
|t:|1729897151
|switch|p1a: Tyranitar|Tyranitar, M|100/100
|move|p2a: Aerodactyl|Earthquake|p1a: Tyranitar
|-supereffective|p1a: Tyranitar
|-damage|p1a: Tyranitar|31/100
|
|-weather|Sandstorm|[upkeep]
|-heal|p1a: Tyranitar|38/100|[from] item: Leftovers
|upkeep
|turn|26
|inactive|Ghostfall22 has 210 seconds left.
|inactive|pkLeech has 30 seconds left.
|inactive|Ghostfall22 has 180 seconds left.
|c|☆Ghostfall22|i cant believe that crit on zap :(
|
|t:|1729897208
|move|p2a: Aerodactyl|Earthquake|p1a: Tyranitar
|-supereffective|p1a: Tyranitar
|-damage|p1a: Tyranitar|0 fnt
|faint|p1a: Tyranitar
|inactive|pkLeech has 30 seconds left this turn.
|c|☆pkLeech|eh
|
|t:|1729897213
|switch|p1a: Salamence|Salamence, F|36/100
|-ability|p1a: Salamence|Intimidate|boost
|-unboost|p2a: Aerodactyl|atk|1
|
|-weather|Sandstorm|[upkeep]
|-damage|p1a: Salamence|30/100|[from] Sandstorm
|-heal|p1a: Salamence|36/100|[from] item: Leftovers
|upkeep
|turn|27
|c|☆pkLeech|you crit my blissey tbh
|inactive|Ghostfall22 has 180 seconds left.
|c|☆Ghostfall22|oh thats true xd
|c|☆pkLeech|xp
|inactive|Ghostfall22 has 150 seconds left.
|c|☆pkLeech|kill by the crit, die by the crit
|c|☆pkLeech|but
|c|☆pkLeech|yeah
|
|t:|1729897272
|switch|p2a: Swampert|Swampert, F|100/100
|-damage|p2a: Swampert|76/100|[from] Spikes
|move|p1a: Salamence|Hidden Power|p2a: Swampert
|-supereffective|p2a: Swampert
|-damage|p2a: Swampert|0 fnt
|faint|p2a: Swampert
|
|t:|1729897277
|switch|p2a: Aerodactyl|Aerodactyl, M|24/100
|
|-weather|Sandstorm|[upkeep]
|-damage|p1a: Salamence|30/100|[from] Sandstorm
|-heal|p1a: Salamence|36/100|[from] item: Leftovers
|upkeep
|turn|28
|c|☆pkLeech|the ccrit was my only way to win
|c|☆pkLeech|and definitely more influential than yours
|c|☆pkLeech|sry
|
|t:|1729897288
|move|p2a: Aerodactyl|Rock Slide|p1a: Salamence
|-supereffective|p1a: Salamence
|-damage|p1a: Salamence|0 fnt
|faint|p1a: Salamence
|
|t:|1729897291
|switch|p1a: Jirachi|Jirachi|100/100
|
|-weather|Sandstorm|[upkeep]
|upkeep
|turn|29
|c|☆Ghostfall22|its ok ggs
|
|t:|1729897296
|move|p2a: Aerodactyl|Rock Slide|p1a: Jirachi|[miss]
|-miss|p2a: Aerodactyl|p1a: Jirachi
|move|p1a: Jirachi|Thunderbolt|p2a: Aerodactyl
|-supereffective|p2a: Aerodactyl
|-damage|p2a: Aerodactyl|0 fnt
|faint|p2a: Aerodactyl
|
|win|pkLeech
|c|☆pkLeech|unless
|c|☆pkLeech|ggs

</script>
<script type="application/json" class="data" id="replaydata-smogtours-gen3ou-801962">
{"id":"smogtours-gen3ou-801962","format":"[Gen 3] OU","players":["pkLeech","Ghostfall22"],"uploadtime":1729897296,"views":114,"formatid":"gen3ou","rating":null,"private":0,"password":null}
</script>

<script defer src="js/replays.js?9d40a366"></script>
