<!DOCTYPE html>
<meta charset="utf-8" />
<meta name="viewport" content="width=device-width" />

<title>[Gen 3] OU: Bhol vs. EG Zelph - Replays - Pok&eacute;mon Showdown!</title>

<meta name="description" content="Watch a replay of a Pok&eacute;mon battle between Bhol and EG Zelph! Format: [Gen 3] OU; Date: Nov 7, 2024" />
<!--

Hey, you! Looking in the source for the replay log?

You can find them in JSON format, just add `.json` at the end of a replay URL.

https://replay.pokemonshowdown.com/gen7randomdoublesbattle-865046831.json

Or, if you only need the log itself, add `.log` instead:

https://replay.pokemonshowdown.com/gen7randomdoublesbattle-865046831.log

-->

<link rel="stylesheet" href="//pokemonshowdown.com/style/global.css?0.023195364461161105" />
<link rel="stylesheet" href="//play.pokemonshowdown.com/style/font-awesome.css?0.13261647063804238" />
<link rel="stylesheet" href="//play.pokemonshowdown.com/style/battle.css?0.8753245789963631" />
<link rel="stylesheet" href="//play.pokemonshowdown.com/style/utilichart.css?0.8627959624976733" />

<!-- Global site tag (gtag.js) - Google Analytics -->
<script async src="https://www.googletagmanager.com/gtag/js?id=UA-26211653-1"></script>
<script>
  window.dataLayer = window.dataLayer || [];
  function gtag(){dataLayer.push(arguments);}
  gtag('js', new Date());

  gtag('config', 'UA-26211653-1');
</script>
<!-- End Google Analytics -->
<!-- Venatus Ad Manager - Install in <HEAD> of page -->
	<script src="https://hb.vntsm.com/v3/live/ad-manager.min.js" type="text/javascript" data-site-id="642aba63ec9a7b11c3c9c1be" data-mode="scan" async></script>
<!-- / Venatus Ad Manager -->

<style>
	@media (max-width:820px) {
		.battle {
			margin: 0 auto;
		}
		.battle-log {
			margin: 7px auto 0;
			max-width: 640px;
			height: 300px;
			position: static;
		}
	}
	.optgroup {
		display: inline-block;
		line-height: 22px;
		font-size: 10pt;
	}
	.optgroup .button {
		height: 25px;
		padding-top: 0;
		padding-bottom: 0;
	}
	.optgroup button.button {
		padding-left: 12px;
		padding-right: 12px;
	}
	.linklist {
		list-style: none;
		margin: 0.5em 0;
		padding: 0;
	}
	.linklist li {
		padding: 2px 0;
	}
	.sidebar {
		float: left;
		width: 320px;
	}
	.bar-wrapper {
		max-width: 1100px;
		margin: 0 auto;
	}
	.bar-wrapper.has-sidebar {
		max-width: 1430px;
	}
	.mainbar {
		margin: 0;
		padding-right: 1px;
	}
	.mainbar.has-sidebar {
		margin-left: 330px;
	}
	@media (min-width: 1511px) {
		.sidebar {
			width: 400px;
		}
		.bar-wrapper.has-sidebar {
			max-width: 1510px;
		}
		.mainbar.has-sidebar {
			margin-left: 410px;
		}
	}
	.section.first-section {
		margin-top: 9px;
	}
	.blocklink small {
		white-space: normal;
	}
	.button {
		vertical-align: middle;
	}
	.replay-controls {
		padding-top: 10px;
	}
	.replay-controls h1 {
		font-size: 16pt;
		font-weight: normal;
		color: #CCC;
	}
	.pagelink {
		text-align: center;
	}
	.pagelink a {
		width: 150px;
	}
	.textbox, .button {
		font-size: 11pt;
		vertical-align: middle;
	}
	@media (max-width: 450px) {
		.button {
			font-size: 9pt;
		}
	}
</style>

<div>

	<header>
		<div class="nav-wrapper"><ul class="nav">
			<li><a class="button nav-first" href="//pokemonshowdown.com/"><img src="//pokemonshowdown.com/images/pokemonshowdownbeta.png" srcset="//pokemonshowdown.com/images/pokemonshowdownbeta.png 1x, //pokemonshowdown.com/images/pokemonshowdownbeta@2x.png 2x" alt="Pok&eacute;mon Showdown" width="146" height="44" /> Home</a></li>
			<li><a class="button" href="//pokemonshowdown.com/dex/">Pok&eacute;dex</a></li>
			<li><a class="button cur" href="/">Replays</a></li>
			<li><a class="button" href="//pokemonshowdown.com/ladder/">Ladder</a></li>
			<li><a class="button nav-last" href="//pokemonshowdown.com/forums/">Forum</a></li>
			<li><a class="button greenbutton nav-first nav-last" href="//play.pokemonshowdown.com/">Play</a></li>
		</ul></div>
	</header>

	<div class="main" id="main">

		<noscript><section class="section">You need to enable JavaScript to use this page; sorry!</section></noscript>

	</div>

</div>

<script defer nomodule src="//play.pokemonshowdown.com/js/lib/ps-polyfill.js"></script>
<script defer src="//play.pokemonshowdown.com/js/lib/preact.min.js"></script>

<script defer src="//play.pokemonshowdown.com/config/config.js?2bddbc15"></script>
<script defer src="//play.pokemonshowdown.com/js/lib/jquery-1.11.0.min.js"></script>
<script defer src="//play.pokemonshowdown.com/js/lib/html-sanitizer-minified.js"></script>
<script defer src="//play.pokemonshowdown.com/js/battle-sound.js"></script>
<script defer src="//play.pokemonshowdown.com/js/battledata.js?0.7209276989879541"></script>
<script defer src="//play.pokemonshowdown.com/data/pokedex-mini.js?0.6111056340867951"></script>
<script defer src="//play.pokemonshowdown.com/data/pokedex-mini-bw.js?0.3532142036491459"></script>
<script defer src="//play.pokemonshowdown.com/data/graphics.js?0.24223875632456182"></script>
<script defer src="//play.pokemonshowdown.com/data/pokedex.js?0.38839984266356864"></script>
<script defer src="//play.pokemonshowdown.com/data/moves.js?0.21866028504024015"></script>
<script defer src="//play.pokemonshowdown.com/data/abilities.js?0.2005157953846628"></script>
<script defer src="//play.pokemonshowdown.com/data/items.js?0.9894211263848525"></script>
<script defer src="//play.pokemonshowdown.com/data/teambuilder-tables.js?0.6008791140282215"></script>
<script defer src="//play.pokemonshowdown.com/js/battle-tooltips.js?0.7580118955022959"></script>
<script defer src="//play.pokemonshowdown.com/js/battle.js?0.6057722274234274"></script>

<script defer src="js/utils.js?e31f9a17"></script>
<script defer src="js/replays-battle.js?7008c182"></script>

<!-- don't scrape this data! just add .json or .log after the URL!
Full API docs: https://github.com/smogon/pokemon-showdown-client/blob/master/WEB-API.md -->
<script type="text/plain" class="log" id="replaylog-gen3ou-2238933685-oeghcrluy4f4zyrkctxla4fu0j2bznspw">
|j|☆Bhol
|j|☆EG Zelph
|t:|1730941131
|gametype|singles
|player|p1|Bhol|sabrina|
|player|p2|EG Zelph|rocketgruntf|
|teamsize|p1|6
|teamsize|p2|6
|gen|3
|tier|[Gen 3] OU
|rule|Sleep Clause Mod: Limit one foe put to sleep
|rule|Switch Priority Clause Mod: Faster Pokémon switch first
|rule|Species Clause: Limit one of each Pokémon
|rule|OHKO Clause: OHKO moves are banned
|rule|Evasion Items Clause: Evasion items are banned
|rule|Evasion Moves Clause: Evasion moves are banned
|rule|Endless Battle Clause: Forcing endless battles is banned
|rule|HP Percentage Mod: HP is shown in percentages
|rule|One Boost Passer Clause: Limit one Baton Passer that has a way to boost its stats
|rule|Freeze Clause Mod: Limit one foe frozen
|
|t:|1730941131
|start
|switch|p1a: Wailord|Wailord, F|100/100
|switch|p2a: Vaporeon|Vaporeon, M, shiny|100/100
|turn|1
|inactive|Battle timer is ON: inactive players will automatically lose when time's up. (requested by EG Zelph)
|c|☆Bhol|glhf
|c|☆EG Zelph|u2
|
|t:|1730941151
|switch|p1a: Jolteon|Jolteon, M|100/100
|move|p2a: Vaporeon|Substitute|p2a: Vaporeon
|-start|p2a: Vaporeon|Substitute
|-damage|p2a: Vaporeon|75/100
|
|-heal|p2a: Vaporeon|82/100|[from] item: Leftovers
|upkeep
|turn|2
|
|t:|1730941158
|move|p1a: Jolteon|Thunderbolt|p2a: Vaporeon
|-supereffective|p2a: Vaporeon
|-end|p2a: Vaporeon|Substitute
|move|p2a: Vaporeon|Hydro Pump|p1a: Jolteon
|-damage|p1a: Jolteon|16/100
|
|-heal|p1a: Jolteon|23/100|[from] item: Leftovers
|-heal|p2a: Vaporeon|88/100|[from] item: Leftovers
|upkeep
|turn|3
|
|t:|1730941177
|switch|p2a: Celebi|Celebi|100/100
|move|p1a: Jolteon|Thunderbolt|p2a: Celebi
|-resisted|p2a: Celebi
|-damage|p2a: Celebi|78/100
|
|-heal|p1a: Jolteon|29/100|[from] item: Leftovers
|-heal|p2a: Celebi|84/100|[from] item: Leftovers
|upkeep
|turn|4
|
|t:|1730941185
|move|p1a: Jolteon|Baton Pass|p1a: Jolteon
|
|t:|1730941190
|switch|p1a: Metagross|Metagross|100/100|[from] Baton Pass
|move|p2a: Celebi|Giga Drain|p1a: Metagross
|-resisted|p1a: Metagross
|-damage|p1a: Metagross|86/100
|-heal|p2a: Celebi|92/100|[from] drain|[of] p1a: Metagross
|
|-heal|p2a: Celebi|98/100|[from] item: Leftovers
|-heal|p1a: Metagross|92/100|[from] item: Leftovers
|upkeep
|turn|5
|
|t:|1730941201
|switch|p2a: Vaporeon|Vaporeon, M, shiny|88/100
|move|p1a: Metagross|Meteor Mash|p2a: Vaporeon|[miss]
|-miss|p1a: Metagross|p2a: Vaporeon
|
|-heal|p2a: Vaporeon|94/100|[from] item: Leftovers
|-heal|p1a: Metagross|98/100|[from] item: Leftovers
|upkeep
|turn|6
|
|t:|1730941212
|move|p2a: Vaporeon|Hydro Pump|p1a: Metagross
|-damage|p1a: Metagross|30/100
|move|p1a: Metagross|Earthquake|p2a: Vaporeon
|-damage|p2a: Vaporeon|48/100
|
|-heal|p2a: Vaporeon|54/100|[from] item: Leftovers
|-heal|p1a: Metagross|36/100|[from] item: Leftovers
|upkeep
|turn|7
|
|t:|1730941226
|move|p2a: Vaporeon|Substitute|p2a: Vaporeon
|-start|p2a: Vaporeon|Substitute
|-damage|p2a: Vaporeon|29/100
|move|p1a: Metagross|Explosion|p2a: Vaporeon
|-end|p2a: Vaporeon|Substitute
|faint|p1a: Metagross
|
|t:|1730941233
|switch|p1a: Jolteon|Jolteon, M|29/100
|
|-heal|p1a: Jolteon|35/100|[from] item: Leftovers
|-heal|p2a: Vaporeon|35/100|[from] item: Leftovers
|upkeep
|turn|8
|
|t:|1730941237
|switch|p2a: Celebi|Celebi|98/100
|move|p1a: Jolteon|Thunderbolt|p2a: Celebi
|-resisted|p2a: Celebi
|-damage|p2a: Celebi|75/100
|
|-heal|p1a: Jolteon|41/100|[from] item: Leftovers
|-heal|p2a: Celebi|81/100|[from] item: Leftovers
|upkeep
|turn|9
|
|t:|1730941256
|move|p1a: Jolteon|Hidden Power|p2a: Celebi
|-supereffective|p2a: Celebi
|-damage|p2a: Celebi|38/100
|move|p2a: Celebi|Giga Drain|p1a: Jolteon
|-damage|p1a: Jolteon|6/100
|-heal|p2a: Celebi|52/100|[from] drain|[of] p1a: Jolteon
|
|-heal|p1a: Jolteon|13/100|[from] item: Leftovers
|-heal|p2a: Celebi|58/100|[from] item: Leftovers
|upkeep
|turn|10
|
|t:|1730941277
|move|p1a: Jolteon|Hidden Power|p2a: Celebi
|-supereffective|p2a: Celebi
|-damage|p2a: Celebi|18/100
|move|p2a: Celebi|Giga Drain|p1a: Jolteon
|-damage|p1a: Jolteon|0 fnt
|-heal|p2a: Celebi|23/100|[from] drain|[of] p1a: Jolteon
|faint|p1a: Jolteon
|
|t:|1730941290
|switch|p1a: Dugtrio|Dugtrio, M|100/100
|
|-heal|p2a: Celebi|29/100|[from] item: Leftovers
|upkeep
|turn|11
|
|t:|1730941295
|move|p1a: Dugtrio|Hidden Power|p2a: Celebi
|-supereffective|p2a: Celebi
|-damage|p2a: Celebi|0 fnt
|faint|p2a: Celebi
|
|t:|1730941304
|switch|p2a: Zapdos|Zapdos|100/100
|
|upkeep
|turn|12
|
|t:|1730941310
|switch|p1a: Zapdos|Zapdos|100/100
|move|p2a: Zapdos|Substitute|p2a: Zapdos
|-start|p2a: Zapdos|Substitute
|-damage|p2a: Zapdos|76/100
|
|-heal|p2a: Zapdos|82/100|[from] item: Leftovers
|upkeep
|turn|13
|
|t:|1730941319
|move|p1a: Zapdos|Thunderbolt|p2a: Zapdos
|-end|p2a: Zapdos|Substitute
|move|p2a: Zapdos|Thunderbolt|p1a: Zapdos
|-damage|p1a: Zapdos|35/100
|
|-heal|p1a: Zapdos|41/100|[from] item: Leftovers
|-heal|p2a: Zapdos|88/100|[from] item: Leftovers
|upkeep
|turn|14
|
|t:|1730941336
|move|p1a: Zapdos|Thunderbolt|p2a: Zapdos
|-damage|p2a: Zapdos|41/100
|move|p2a: Zapdos|Thunderbolt|p1a: Zapdos
|-damage|p1a: Zapdos|0 fnt
|faint|p1a: Zapdos
|inactive|Bhol has 270 seconds left.
|
|t:|1730941357
|switch|p1a: Suicune|Suicune|100/100
|
|-heal|p2a: Zapdos|48/100|[from] item: Leftovers
|upkeep
|turn|15
|
|t:|1730941362
|move|p2a: Zapdos|Thunderbolt|p1a: Suicune
|-supereffective|p1a: Suicune
|-crit|p1a: Suicune
|-damage|p1a: Suicune|0 fnt
|faint|p1a: Suicune
|
|t:|1730941368
|switch|p1a: Wailord|Wailord, F|100/100
|
|-heal|p2a: Zapdos|54/100|[from] item: Leftovers
|upkeep
|turn|16
|
|t:|1730941374
|move|p2a: Zapdos|Thunderbolt|p1a: Wailord
|-supereffective|p1a: Wailord
|-damage|p1a: Wailord|0 fnt
|faint|p1a: Wailord
|
|t:|1730941377
|switch|p1a: Dugtrio|Dugtrio, M|100/100
|
|-heal|p2a: Zapdos|60/100|[from] item: Leftovers
|upkeep
|turn|17
|c|☆Bhol|gg
|
|t:|1730941385
|move|p1a: Dugtrio|Beat Up|p2a: Zapdos
|-damage|p2a: Zapdos|58/100
|-hitcount|p2a: Zapdos|1
|move|p2a: Zapdos|Hidden Power|p1a: Dugtrio
|-supereffective|p1a: Dugtrio
|-damage|p1a: Dugtrio|9/100
|
|-heal|p2a: Zapdos|64/100|[from] item: Leftovers
|upkeep
|turn|18
|c|☆EG Zelph|Gg
|
|t:|1730941390
|move|p1a: Dugtrio|Beat Up|p2a: Zapdos
|-damage|p2a: Zapdos|62/100
|-hitcount|p2a: Zapdos|1
|move|p2a: Zapdos|Hidden Power|p1a: Dugtrio
|-supereffective|p1a: Dugtrio
|-damage|p1a: Dugtrio|0 fnt
|faint|p1a: Dugtrio
|
|win|EG Zelph

</script>
<script type="application/json" class="data" id="replaydata-gen3ou-2238933685-oeghcrluy4f4zyrkctxla4fu0j2bznspw">
{"id":"gen3ou-2238933685","format":"[Gen 3] OU","players":["Bhol","EG Zelph"],"uploadtime":1730941392,"views":36,"formatid":"gen3ou","rating":null,"private":1,"password":"oeghcrluy4f4zyrkctxla4fu0j2bzns"}
</script>

<script defer src="js/replays.js?9d40a366"></script>
