<!DOCTYPE html>
<meta charset="utf-8" />
<meta name="viewport" content="width=device-width" />

<title>[Gen 3] OU: Bhol vs. sixofrobins - Replays - Pok&eacute;mon Showdown!</title>

<meta name="description" content="Watch a replay of a Pok&eacute;mon battle between Bhol and sixofrobins! Format: [Gen 3] OU; Date: Oct 8, 2024" />
<!--

Hey, you! Looking in the source for the replay log?

You can find them in JSON format, just add `.json` at the end of a replay URL.

https://replay.pokemonshowdown.com/gen7randomdoublesbattle-865046831.json

Or, if you only need the log itself, add `.log` instead:

https://replay.pokemonshowdown.com/gen7randomdoublesbattle-865046831.log

-->

<link rel="stylesheet" href="//pokemonshowdown.com/style/global.css?0.023195364461161105" />
<link rel="stylesheet" href="//play.pokemonshowdown.com/style/font-awesome.css?0.13261647063804238" />
<link rel="stylesheet" href="//play.pokemonshowdown.com/style/battle.css?0.8753245789963631" />
<link rel="stylesheet" href="//play.pokemonshowdown.com/style/utilichart.css?0.8627959624976733" />

<!-- Global site tag (gtag.js) - Google Analytics -->
<script async src="https://www.googletagmanager.com/gtag/js?id=UA-26211653-1"></script>
<script>
  window.dataLayer = window.dataLayer || [];
  function gtag(){dataLayer.push(arguments);}
  gtag('js', new Date());

  gtag('config', 'UA-26211653-1');
</script>
<!-- End Google Analytics -->
<!-- Venatus Ad Manager - Install in <HEAD> of page -->
	<script src="https://hb.vntsm.com/v3/live/ad-manager.min.js" type="text/javascript" data-site-id="642aba63ec9a7b11c3c9c1be" data-mode="scan" async></script>
<!-- / Venatus Ad Manager -->

<style>
	@media (max-width:820px) {
		.battle {
			margin: 0 auto;
		}
		.battle-log {
			margin: 7px auto 0;
			max-width: 640px;
			height: 300px;
			position: static;
		}
	}
	.optgroup {
		display: inline-block;
		line-height: 22px;
		font-size: 10pt;
	}
	.optgroup .button {
		height: 25px;
		padding-top: 0;
		padding-bottom: 0;
	}
	.optgroup button.button {
		padding-left: 12px;
		padding-right: 12px;
	}
	.linklist {
		list-style: none;
		margin: 0.5em 0;
		padding: 0;
	}
	.linklist li {
		padding: 2px 0;
	}
	.sidebar {
		float: left;
		width: 320px;
	}
	.bar-wrapper {
		max-width: 1100px;
		margin: 0 auto;
	}
	.bar-wrapper.has-sidebar {
		max-width: 1430px;
	}
	.mainbar {
		margin: 0;
		padding-right: 1px;
	}
	.mainbar.has-sidebar {
		margin-left: 330px;
	}
	@media (min-width: 1511px) {
		.sidebar {
			width: 400px;
		}
		.bar-wrapper.has-sidebar {
			max-width: 1510px;
		}
		.mainbar.has-sidebar {
			margin-left: 410px;
		}
	}
	.section.first-section {
		margin-top: 9px;
	}
	.blocklink small {
		white-space: normal;
	}
	.button {
		vertical-align: middle;
	}
	.replay-controls {
		padding-top: 10px;
	}
	.replay-controls h1 {
		font-size: 16pt;
		font-weight: normal;
		color: #CCC;
	}
	.pagelink {
		text-align: center;
	}
	.pagelink a {
		width: 150px;
	}
	.textbox, .button {
		font-size: 11pt;
		vertical-align: middle;
	}
	@media (max-width: 450px) {
		.button {
			font-size: 9pt;
		}
	}
</style>

<div>

	<header>
		<div class="nav-wrapper"><ul class="nav">
			<li><a class="button nav-first" href="//pokemonshowdown.com/"><img src="//pokemonshowdown.com/images/pokemonshowdownbeta.png" srcset="//pokemonshowdown.com/images/pokemonshowdownbeta.png 1x, //pokemonshowdown.com/images/pokemonshowdownbeta@2x.png 2x" alt="Pok&eacute;mon Showdown" width="146" height="44" /> Home</a></li>
			<li><a class="button" href="//pokemonshowdown.com/dex/">Pok&eacute;dex</a></li>
			<li><a class="button cur" href="/">Replays</a></li>
			<li><a class="button" href="//pokemonshowdown.com/ladder/">Ladder</a></li>
			<li><a class="button nav-last" href="//pokemonshowdown.com/forums/">Forum</a></li>
			<li><a class="button greenbutton nav-first nav-last" href="//play.pokemonshowdown.com/">Play</a></li>
		</ul></div>
	</header>

	<div class="main" id="main">

		<noscript><section class="section">You need to enable JavaScript to use this page; sorry!</section></noscript>

	</div>

</div>

<script defer nomodule src="//play.pokemonshowdown.com/js/lib/ps-polyfill.js"></script>
<script defer src="//play.pokemonshowdown.com/js/lib/preact.min.js"></script>

<script defer src="//play.pokemonshowdown.com/config/config.js?2bddbc15"></script>
<script defer src="//play.pokemonshowdown.com/js/lib/jquery-1.11.0.min.js"></script>
<script defer src="//play.pokemonshowdown.com/js/lib/html-sanitizer-minified.js"></script>
<script defer src="//play.pokemonshowdown.com/js/battle-sound.js"></script>
<script defer src="//play.pokemonshowdown.com/js/battledata.js?0.7209276989879541"></script>
<script defer src="//play.pokemonshowdown.com/data/pokedex-mini.js?0.6111056340867951"></script>
<script defer src="//play.pokemonshowdown.com/data/pokedex-mini-bw.js?0.3532142036491459"></script>
<script defer src="//play.pokemonshowdown.com/data/graphics.js?0.24223875632456182"></script>
<script defer src="//play.pokemonshowdown.com/data/pokedex.js?0.38839984266356864"></script>
<script defer src="//play.pokemonshowdown.com/data/moves.js?0.21866028504024015"></script>
<script defer src="//play.pokemonshowdown.com/data/abilities.js?0.2005157953846628"></script>
<script defer src="//play.pokemonshowdown.com/data/items.js?0.9894211263848525"></script>
<script defer src="//play.pokemonshowdown.com/data/teambuilder-tables.js?0.6008791140282215"></script>
<script defer src="//play.pokemonshowdown.com/js/battle-tooltips.js?0.7580118955022959"></script>
<script defer src="//play.pokemonshowdown.com/js/battle.js?0.6057722274234274"></script>

<script defer src="js/utils.js?e31f9a17"></script>
<script defer src="js/replays-battle.js?7008c182"></script>

<!-- don't scrape this data! just add .json or .log after the URL!
Full API docs: https://github.com/smogon/pokemon-showdown-client/blob/master/WEB-API.md -->
<script type="text/plain" class="log" id="replaylog-gen3ou-2218178016">
|j|☆Bhol
|j|☆sixofrobins
|t:|1728346368
|gametype|singles
|player|p1|Bhol|sabrina|
|player|p2|sixofrobins|plasmagruntf|
|teamsize|p1|6
|teamsize|p2|6
|gen|3
|tier|[Gen 3] OU
|rule|Sleep Clause Mod: Limit one foe put to sleep
|rule|Switch Priority Clause Mod: Faster Pokémon switch first
|rule|Species Clause: Limit one of each Pokémon
|rule|OHKO Clause: OHKO moves are banned
|rule|Evasion Items Clause: Evasion items are banned
|rule|Evasion Moves Clause: Evasion moves are banned
|rule|Endless Battle Clause: Forcing endless battles is banned
|rule|HP Percentage Mod: HP is shown in percentages
|rule|One Boost Passer Clause: Limit one Baton Passer that has a way to boost its stats
|rule|Freeze Clause Mod: Limit one foe frozen
|
|t:|1728346368
|start
|switch|p1a: Tyranitar|Tyranitar, M|100/100
|switch|p2a: Undine|Suicune|100/100
|-weather|Sandstorm|[from] ability: Sand Stream|[of] p1a: Tyranitar
|turn|1
|c|☆sixofrobins|glhf!
|c|☆Bhol|Ty u2
|
|t:|1728346382
|switch|p1a: Snorlax|Snorlax, F|100/100
|move|p2a: Undine|Calm Mind|p2a: Undine
|-boost|p2a: Undine|spa|1
|-boost|p2a: Undine|spd|1
|
|-weather|Sandstorm|[upkeep]
|-damage|p2a: Undine|94/100|[from] Sandstorm
|-damage|p1a: Snorlax|94/100|[from] Sandstorm
|-heal|p2a: Undine|100/100|[from] item: Leftovers
|-heal|p1a: Snorlax|100/100|[from] item: Leftovers
|upkeep
|turn|2
|
|t:|1728346392
|move|p1a: Snorlax|Body Slam|p2a: Undine
|-damage|p2a: Undine|68/100
|-status|p2a: Undine|par
|cant|p2a: Undine|par
|
|-weather|Sandstorm|[upkeep]
|-damage|p1a: Snorlax|94/100|[from] Sandstorm
|-damage|p2a: Undine|62/100 par|[from] Sandstorm
|-heal|p1a: Snorlax|100/100|[from] item: Leftovers
|-heal|p2a: Undine|68/100 par|[from] item: Leftovers
|upkeep
|turn|3
|c|☆Bhol|Mb
|
|t:|1728346415
|switch|p2a: Sprite|Celebi|100/100
|move|p1a: Snorlax|Body Slam|p2a: Sprite
|-damage|p2a: Sprite|68/100
|-status|p2a: Sprite|par
|
|-weather|Sandstorm|[upkeep]
|-damage|p1a: Snorlax|94/100|[from] Sandstorm
|-damage|p2a: Sprite|62/100 par|[from] Sandstorm
|-heal|p1a: Snorlax|100/100|[from] item: Leftovers
|-heal|p2a: Sprite|68/100 par|[from] item: Leftovers
|upkeep
|turn|4
|c|☆sixofrobins|Lol
|c|☆sixofrobins|you got Serene Grace or something?
|c|☆Bhol|Lmao looking that way
|
|t:|1728346440
|-curestatus|p2a: Sprite|par|[from] ability: Natural Cure
|switch|p2a: Tinkerbell|Jirachi, shiny|100/100
|move|p1a: Snorlax|Shadow Ball|p2a: Tinkerbell
|-damage|p2a: Tinkerbell|77/100
|-unboost|p2a: Tinkerbell|spd|1
|
|-weather|Sandstorm|[upkeep]
|-damage|p1a: Snorlax|94/100|[from] Sandstorm
|-heal|p2a: Tinkerbell|83/100|[from] item: Leftovers
|-heal|p1a: Snorlax|100/100|[from] item: Leftovers
|upkeep
|turn|5
|
|t:|1728346474
|switch|p2a: Gnome|Porygon2|100/100
|-ability|p2a: Gnome|Immunity|[from] ability: Trace|[of] p1a: Snorlax
|switch|p1a: Tyranitar|Tyranitar, M|100/100
|
|-weather|Sandstorm|[upkeep]
|-damage|p2a: Gnome|94/100|[from] Sandstorm
|-heal|p2a: Gnome|100/100|[from] item: Leftovers
|upkeep
|turn|6
|
|t:|1728346493
|switch|p1a: Snorlax|Snorlax, F|100/100
|move|p2a: Gnome|Toxic|p1a: Snorlax
|-immune|p1a: Snorlax|[from] ability: Immunity
|
|-weather|Sandstorm|[upkeep]
|-damage|p2a: Gnome|94/100|[from] Sandstorm
|-damage|p1a: Snorlax|94/100|[from] Sandstorm
|-heal|p2a: Gnome|100/100|[from] item: Leftovers
|-heal|p1a: Snorlax|100/100|[from] item: Leftovers
|upkeep
|turn|7
|
|t:|1728346502
|move|p2a: Gnome|Ice Beam|p1a: Snorlax
|-damage|p1a: Snorlax|87/100
|move|p1a: Snorlax|Curse|p1a: Snorlax
|-unboost|p1a: Snorlax|spe|1
|-boost|p1a: Snorlax|atk|1
|-boost|p1a: Snorlax|def|1
|
|-weather|Sandstorm|[upkeep]
|-damage|p2a: Gnome|94/100|[from] Sandstorm
|-damage|p1a: Snorlax|81/100|[from] Sandstorm
|-heal|p2a: Gnome|100/100|[from] item: Leftovers
|-heal|p1a: Snorlax|87/100|[from] item: Leftovers
|upkeep
|turn|8
|
|t:|1728346513
|switch|p2a: Undine|Suicune|68/100 par
|move|p1a: Snorlax|Body Slam|p2a: Undine
|-damage|p2a: Undine|23/100 par
|
|-weather|Sandstorm|[upkeep]
|-damage|p2a: Undine|17/100 par|[from] Sandstorm
|-damage|p1a: Snorlax|81/100|[from] Sandstorm
|-heal|p2a: Undine|23/100 par|[from] item: Leftovers
|-heal|p1a: Snorlax|87/100|[from] item: Leftovers
|upkeep
|turn|9
|
|t:|1728346526
|move|p1a: Snorlax|Body Slam|p2a: Undine
|-damage|p2a: Undine|0 fnt
|faint|p2a: Undine
|
|t:|1728346543
|switch|p2a: Tinkerbell|Jirachi, shiny|83/100
|
|-weather|Sandstorm|[upkeep]
|-damage|p1a: Snorlax|81/100|[from] Sandstorm
|-heal|p2a: Tinkerbell|89/100|[from] item: Leftovers
|-heal|p1a: Snorlax|87/100|[from] item: Leftovers
|upkeep
|turn|10
|
|t:|1728346567
|switch|p1a: Tyranitar|Tyranitar, M|100/100
|move|p2a: Tinkerbell|Fire Punch|p1a: Tyranitar
|-resisted|p1a: Tyranitar
|-damage|p1a: Tyranitar|90/100
|
|-weather|Sandstorm|[upkeep]
|-heal|p2a: Tinkerbell|96/100|[from] item: Leftovers
|upkeep
|turn|11
|
|t:|1728346583
|switch|p2a: Sprite|Celebi|68/100
|move|p1a: Tyranitar|Dragon Dance|p1a: Tyranitar
|-boost|p1a: Tyranitar|atk|1
|-boost|p1a: Tyranitar|spe|1
|
|-weather|Sandstorm|[upkeep]
|-damage|p2a: Sprite|62/100|[from] Sandstorm
|-heal|p2a: Sprite|68/100|[from] item: Leftovers
|upkeep
|turn|12
|
|t:|1728346599
|move|p1a: Tyranitar|Rock Slide|p2a: Sprite
|-damage|p2a: Sprite|12/100
|cant|p2a: Sprite|flinch
|
|-weather|Sandstorm|[upkeep]
|-damage|p2a: Sprite|6/100|[from] Sandstorm
|-heal|p2a: Sprite|12/100|[from] item: Leftovers
|upkeep
|turn|13
|
|t:|1728346609
|switch|p2a: Gnome|Porygon2|100/100
|-ability|p2a: Gnome|Sand Stream|[from] ability: Trace|[of] p1a: Tyranitar
|move|p1a: Tyranitar|Earthquake|p2a: Gnome
|-damage|p2a: Gnome|61/100
|
|-weather|Sandstorm|[upkeep]
|-damage|p2a: Gnome|55/100|[from] Sandstorm
|-heal|p2a: Gnome|61/100|[from] item: Leftovers
|upkeep
|turn|14
|
|t:|1728346620
|move|p1a: Tyranitar|Rock Slide|p2a: Gnome
|-damage|p2a: Gnome|16/100
|move|p2a: Gnome|Toxic|p1a: Tyranitar
|-status|p1a: Tyranitar|tox
|-enditem|p1a: Tyranitar|Lum Berry|[eat]
|-curestatus|p1a: Tyranitar|tox|[msg]
|
|-weather|Sandstorm|[upkeep]
|-damage|p2a: Gnome|10/100|[from] Sandstorm
|-heal|p2a: Gnome|16/100|[from] item: Leftovers
|upkeep
|turn|15
|
|t:|1728346647
|move|p1a: Tyranitar|Earthquake|p2a: Gnome
|-crit|p2a: Gnome
|-damage|p2a: Gnome|0 fnt
|faint|p2a: Gnome
|
|t:|1728346650
|switch|p2a: Boggart|Dugtrio, F|100/100
|
|-weather|Sandstorm|[upkeep]
|upkeep
|turn|16
|
|t:|1728346656
|move|p1a: Tyranitar|Earthquake|p2a: Boggart
|-damage|p2a: Boggart|0 fnt
|faint|p2a: Boggart
|
|t:|1728346665
|switch|p2a: Sylph|Raikou|100/100
|
|-weather|Sandstorm|[upkeep]
|-damage|p2a: Sylph|94/100|[from] Sandstorm
|-heal|p2a: Sylph|100/100|[from] item: Leftovers
|upkeep
|turn|17
|
|t:|1728346671
|move|p1a: Tyranitar|Earthquake|p2a: Sylph
|-supereffective|p2a: Sylph
|-damage|p2a: Sylph|0 fnt
|faint|p2a: Sylph
|
|t:|1728346675
|switch|p2a: Sprite|Celebi|12/100
|
|-weather|Sandstorm|[upkeep]
|-damage|p2a: Sprite|6/100|[from] Sandstorm
|-heal|p2a: Sprite|12/100|[from] item: Leftovers
|upkeep
|turn|18
|
|t:|1728346680
|move|p1a: Tyranitar|Earthquake|p2a: Sprite
|-resisted|p2a: Sprite
|-damage|p2a: Sprite|0 fnt
|faint|p2a: Sprite
|
|t:|1728346683
|switch|p2a: Tinkerbell|Jirachi, shiny|96/100
|
|-weather|Sandstorm|[upkeep]
|-heal|p2a: Tinkerbell|100/100|[from] item: Leftovers
|upkeep
|turn|19
|c|☆sixofrobins|well this was a game lol
|
|t:|1728346692
|move|p1a: Tyranitar|Earthquake|p2a: Tinkerbell
|-supereffective|p2a: Tinkerbell
|-damage|p2a: Tinkerbell|0 fnt
|faint|p2a: Tinkerbell
|
|win|Bhol
|c|☆sixofrobins|GGs
|l|☆sixofrobins
|player|p2|
|c|☆Bhol|ggs sorry about the luck stiff
|c|☆Bhol|stuff

</script>
<script type="application/json" class="data" id="replaydata-gen3ou-2218178016">
{"id":"gen3ou-2218178016","format":"[Gen 3] OU","players":["Bhol","sixofrobins"],"uploadtime":1728346716,"views":186,"formatid":"gen3ou","rating":null,"private":0,"password":null}
</script>

<script defer src="js/replays.js?9d40a366"></script>
