<!DOCTYPE html>
<meta charset="utf-8" />
<meta name="viewport" content="width=device-width" />

<title>[Gen 3] OU: 5darkelves vs. Key to life - Replays - Pok&eacute;mon Showdown!</title>

<meta name="description" content="Watch a replay of a Pok&eacute;mon battle between 5darkelves and Key to life! Format: [Gen 3] OU; Date: Oct 11, 2024" />
<!--

Hey, you! Looking in the source for the replay log?

You can find them in JSON format, just add `.json` at the end of a replay URL.

https://replay.pokemonshowdown.com/gen7randomdoublesbattle-865046831.json

Or, if you only need the log itself, add `.log` instead:

https://replay.pokemonshowdown.com/gen7randomdoublesbattle-865046831.log

-->

<link rel="stylesheet" href="//pokemonshowdown.com/style/global.css?0.023195364461161105" />
<link rel="stylesheet" href="//play.pokemonshowdown.com/style/font-awesome.css?0.13261647063804238" />
<link rel="stylesheet" href="//play.pokemonshowdown.com/style/battle.css?0.8753245789963631" />
<link rel="stylesheet" href="//play.pokemonshowdown.com/style/utilichart.css?0.8627959624976733" />

<!-- Global site tag (gtag.js) - Google Analytics -->
<script async src="https://www.googletagmanager.com/gtag/js?id=UA-26211653-1"></script>
<script>
  window.dataLayer = window.dataLayer || [];
  function gtag(){dataLayer.push(arguments);}
  gtag('js', new Date());

  gtag('config', 'UA-26211653-1');
</script>
<!-- End Google Analytics -->
<!-- Venatus Ad Manager - Install in <HEAD> of page -->
	<script src="https://hb.vntsm.com/v3/live/ad-manager.min.js" type="text/javascript" data-site-id="642aba63ec9a7b11c3c9c1be" data-mode="scan" async></script>
<!-- / Venatus Ad Manager -->

<style>
	@media (max-width:820px) {
		.battle {
			margin: 0 auto;
		}
		.battle-log {
			margin: 7px auto 0;
			max-width: 640px;
			height: 300px;
			position: static;
		}
	}
	.optgroup {
		display: inline-block;
		line-height: 22px;
		font-size: 10pt;
	}
	.optgroup .button {
		height: 25px;
		padding-top: 0;
		padding-bottom: 0;
	}
	.optgroup button.button {
		padding-left: 12px;
		padding-right: 12px;
	}
	.linklist {
		list-style: none;
		margin: 0.5em 0;
		padding: 0;
	}
	.linklist li {
		padding: 2px 0;
	}
	.sidebar {
		float: left;
		width: 320px;
	}
	.bar-wrapper {
		max-width: 1100px;
		margin: 0 auto;
	}
	.bar-wrapper.has-sidebar {
		max-width: 1430px;
	}
	.mainbar {
		margin: 0;
		padding-right: 1px;
	}
	.mainbar.has-sidebar {
		margin-left: 330px;
	}
	@media (min-width: 1511px) {
		.sidebar {
			width: 400px;
		}
		.bar-wrapper.has-sidebar {
			max-width: 1510px;
		}
		.mainbar.has-sidebar {
			margin-left: 410px;
		}
	}
	.section.first-section {
		margin-top: 9px;
	}
	.blocklink small {
		white-space: normal;
	}
	.button {
		vertical-align: middle;
	}
	.replay-controls {
		padding-top: 10px;
	}
	.replay-controls h1 {
		font-size: 16pt;
		font-weight: normal;
		color: #CCC;
	}
	.pagelink {
		text-align: center;
	}
	.pagelink a {
		width: 150px;
	}
	.textbox, .button {
		font-size: 11pt;
		vertical-align: middle;
	}
	@media (max-width: 450px) {
		.button {
			font-size: 9pt;
		}
	}
</style>

<div>

	<header>
		<div class="nav-wrapper"><ul class="nav">
			<li><a class="button nav-first" href="//pokemonshowdown.com/"><img src="//pokemonshowdown.com/images/pokemonshowdownbeta.png" srcset="//pokemonshowdown.com/images/pokemonshowdownbeta.png 1x, //pokemonshowdown.com/images/pokemonshowdownbeta@2x.png 2x" alt="Pok&eacute;mon Showdown" width="146" height="44" /> Home</a></li>
			<li><a class="button" href="//pokemonshowdown.com/dex/">Pok&eacute;dex</a></li>
			<li><a class="button cur" href="/">Replays</a></li>
			<li><a class="button" href="//pokemonshowdown.com/ladder/">Ladder</a></li>
			<li><a class="button nav-last" href="//pokemonshowdown.com/forums/">Forum</a></li>
			<li><a class="button greenbutton nav-first nav-last" href="//play.pokemonshowdown.com/">Play</a></li>
		</ul></div>
	</header>

	<div class="main" id="main">

		<noscript><section class="section">You need to enable JavaScript to use this page; sorry!</section></noscript>

	</div>

</div>

<script defer nomodule src="//play.pokemonshowdown.com/js/lib/ps-polyfill.js"></script>
<script defer src="//play.pokemonshowdown.com/js/lib/preact.min.js"></script>

<script defer src="//play.pokemonshowdown.com/config/config.js?2bddbc15"></script>
<script defer src="//play.pokemonshowdown.com/js/lib/jquery-1.11.0.min.js"></script>
<script defer src="//play.pokemonshowdown.com/js/lib/html-sanitizer-minified.js"></script>
<script defer src="//play.pokemonshowdown.com/js/battle-sound.js"></script>
<script defer src="//play.pokemonshowdown.com/js/battledata.js?0.7209276989879541"></script>
<script defer src="//play.pokemonshowdown.com/data/pokedex-mini.js?0.6111056340867951"></script>
<script defer src="//play.pokemonshowdown.com/data/pokedex-mini-bw.js?0.3532142036491459"></script>
<script defer src="//play.pokemonshowdown.com/data/graphics.js?0.24223875632456182"></script>
<script defer src="//play.pokemonshowdown.com/data/pokedex.js?0.38839984266356864"></script>
<script defer src="//play.pokemonshowdown.com/data/moves.js?0.21866028504024015"></script>
<script defer src="//play.pokemonshowdown.com/data/abilities.js?0.2005157953846628"></script>
<script defer src="//play.pokemonshowdown.com/data/items.js?0.9894211263848525"></script>
<script defer src="//play.pokemonshowdown.com/data/teambuilder-tables.js?0.6008791140282215"></script>
<script defer src="//play.pokemonshowdown.com/js/battle-tooltips.js?0.7580118955022959"></script>
<script defer src="//play.pokemonshowdown.com/js/battle.js?0.6057722274234274"></script>

<script defer src="js/utils.js?e31f9a17"></script>
<script defer src="js/replays-battle.js?7008c182"></script>

<!-- don't scrape this data! just add .json or .log after the URL!
Full API docs: https://github.com/smogon/pokemon-showdown-client/blob/master/WEB-API.md -->
<script type="text/plain" class="log" id="replaylog-smogtours-gen3ou-797116">
|inactive|Battle timer is ON: inactive players will automatically lose when time's up.
|t:|1728613213
|gametype|singles
|player|p1|5darkelves|medium|
|player|p2|Key to life|2|
|teamsize|p1|6
|teamsize|p2|6
|gen|3
|tier|[Gen 3] OU
|rule|Sleep Clause Mod: Limit one foe put to sleep
|rule|Switch Priority Clause Mod: Faster Pokémon switch first
|rule|Species Clause: Limit one of each Pokémon
|rule|OHKO Clause: OHKO moves are banned
|rule|Evasion Items Clause: Evasion items are banned
|rule|Evasion Moves Clause: Evasion moves are banned
|rule|Endless Battle Clause: Forcing endless battles is banned
|rule|HP Percentage Mod: HP is shown in percentages
|rule|One Boost Passer Clause: Limit one Baton Passer that has a way to boost its stats
|rule|Freeze Clause Mod: Limit one foe frozen
|
|t:|1728613213
|start
|switch|p1a: Zapdos|Zapdos|100/100
|switch|p2a: Tyranitar|Tyranitar, F|100/100
|-weather|Sandstorm|[from] ability: Sand Stream|[of] p2a: Tyranitar
|turn|1
|
|t:|1728613231
|move|p1a: Zapdos|Hidden Power|p2a: Tyranitar
|-supereffective|p2a: Tyranitar
|-damage|p2a: Tyranitar|45/100
|move|p2a: Tyranitar|Ice Beam|p1a: Zapdos
|-supereffective|p1a: Zapdos
|-damage|p1a: Zapdos|47/100
|
|-weather|Sandstorm|[upkeep]
|-damage|p1a: Zapdos|41/100|[from] Sandstorm
|-heal|p1a: Zapdos|47/100|[from] item: Leftovers
|upkeep
|turn|2
|
|t:|1728613246
|switch|p2a: Salamence|Salamence, M|100/100
|-ability|p2a: Salamence|Intimidate|boost
|-unboost|p1a: Zapdos|atk|1
|move|p1a: Zapdos|Agility|p1a: Zapdos
|-boost|p1a: Zapdos|spe|2
|
|-weather|Sandstorm|[upkeep]
|-damage|p1a: Zapdos|41/100|[from] Sandstorm
|-damage|p2a: Salamence|94/100|[from] Sandstorm
|-heal|p1a: Zapdos|47/100|[from] item: Leftovers
|-heal|p2a: Salamence|100/100|[from] item: Leftovers
|upkeep
|turn|3
|
|t:|1728613259
|move|p1a: Zapdos|Baton Pass|p1a: Zapdos
|
|t:|1728613261
|switch|p1a: Jirachi|Jirachi|100/100|[from] Baton Pass
|move|p2a: Salamence|Rock Slide|p1a: Jirachi|[miss]
|-miss|p2a: Salamence|p1a: Jirachi
|
|-weather|Sandstorm|[upkeep]
|-damage|p2a: Salamence|94/100|[from] Sandstorm
|-heal|p2a: Salamence|100/100|[from] item: Leftovers
|upkeep
|turn|4
|
|t:|1728613280
|switch|p2a: Metagross|Metagross|100/100
|move|p1a: Jirachi|Ice Punch|p2a: Metagross
|-resisted|p2a: Metagross
|-crit|p2a: Metagross
|-damage|p2a: Metagross|73/100
|-status|p2a: Metagross|frz
|
|-weather|Sandstorm|[upkeep]
|upkeep
|turn|5
|
|t:|1728613287
|switch|p2a: Swampert|Swampert, F|100/100
|move|p1a: Jirachi|Fire Punch|p2a: Swampert
|-resisted|p2a: Swampert
|-damage|p2a: Swampert|89/100
|
|-weather|Sandstorm|[upkeep]
|-heal|p2a: Swampert|95/100|[from] item: Leftovers
|upkeep
|turn|6
|
|t:|1728613297
|switch|p1a: Zapdos|Zapdos|47/100
|switch|p2a: Celebi|Celebi|100/100
|
|-weather|Sandstorm|[upkeep]
|-damage|p2a: Celebi|94/100|[from] Sandstorm
|-damage|p1a: Zapdos|41/100|[from] Sandstorm
|-heal|p2a: Celebi|100/100|[from] item: Leftovers
|-heal|p1a: Zapdos|47/100|[from] item: Leftovers
|upkeep
|turn|7
|
|t:|1728613308
|switch|p2a: Swampert|Swampert, F|95/100
|move|p1a: Zapdos|Baton Pass|p1a: Zapdos
|
|t:|1728613315
|switch|p1a: Claydol|Claydol|100/100|[from] Baton Pass
|
|-weather|Sandstorm|[upkeep]
|-heal|p2a: Swampert|100/100|[from] item: Leftovers
|upkeep
|turn|8
|
|t:|1728613319
|switch|p2a: Metagross|Metagross|73/100 frz
|move|p1a: Claydol|Explosion|p2a: Metagross
|-resisted|p2a: Metagross
|-damage|p2a: Metagross|23/100 frz
|faint|p1a: Claydol
|
|t:|1728613323
|switch|p1a: Dugtrio|Dugtrio, M|100/100
|
|-weather|Sandstorm|[upkeep]
|upkeep
|turn|9
|
|t:|1728613326
|move|p1a: Dugtrio|Earthquake|p2a: Metagross
|-supereffective|p2a: Metagross
|-damage|p2a: Metagross|0 fnt
|faint|p2a: Metagross
|
|t:|1728613330
|switch|p2a: Charizard|Charizard, F|100/100
|
|-weather|Sandstorm|[upkeep]
|-damage|p2a: Charizard|94/100|[from] Sandstorm
|-heal|p2a: Charizard|100/100|[from] item: Leftovers
|upkeep
|turn|10
|
|t:|1728613335
|switch|p1a: Zapdos|Zapdos|47/100
|move|p2a: Charizard|Fire Blast|p1a: Zapdos
|-damage|p1a: Zapdos|0 fnt
|faint|p1a: Zapdos
|
|t:|1728613338
|switch|p1a: Kingdra|Kingdra, F|100/100
|
|-weather|Sandstorm|[upkeep]
|-damage|p2a: Charizard|94/100|[from] Sandstorm
|-damage|p1a: Kingdra|95/100|[from] Sandstorm
|-heal|p2a: Charizard|100/100|[from] item: Leftovers
|-heal|p1a: Kingdra|100/100|[from] item: Leftovers
|upkeep
|turn|11
|
|t:|1728613342
|move|p2a: Charizard|Dragon Claw|p1a: Kingdra
|-supereffective|p1a: Kingdra
|-damage|p1a: Kingdra|42/100
|move|p1a: Kingdra|Rain Dance|p1a: Kingdra
|-weather|RainDance
|
|-weather|RainDance|[upkeep]
|-heal|p1a: Kingdra|48/100|[from] item: Leftovers
|upkeep
|turn|12
|
|t:|1728613349
|switch|p2a: Tyranitar|Tyranitar, F|45/100
|-weather|Sandstorm|[from] ability: Sand Stream|[of] p2a: Tyranitar
|move|p1a: Kingdra|Surf|p2a: Tyranitar
|-supereffective|p2a: Tyranitar
|-damage|p2a: Tyranitar|0 fnt
|faint|p2a: Tyranitar
|
|t:|1728613352
|switch|p2a: Charizard|Charizard, F|100/100
|
|-weather|Sandstorm|[upkeep]
|-damage|p2a: Charizard|94/100|[from] Sandstorm
|-damage|p1a: Kingdra|42/100|[from] Sandstorm
|-heal|p2a: Charizard|100/100|[from] item: Leftovers
|-heal|p1a: Kingdra|48/100|[from] item: Leftovers
|upkeep
|turn|13
|
|t:|1728613355
|switch|p1a: Jirachi|Jirachi|100/100
|move|p2a: Charizard|Dragon Claw|p1a: Jirachi
|-resisted|p1a: Jirachi
|-damage|p1a: Jirachi|90/100
|
|-weather|Sandstorm|[upkeep]
|-damage|p2a: Charizard|94/100|[from] Sandstorm
|-heal|p2a: Charizard|100/100|[from] item: Leftovers
|-heal|p1a: Jirachi|96/100|[from] item: Leftovers
|upkeep
|turn|14
|
|t:|1728613363
|move|p2a: Charizard|Fire Blast|p1a: Jirachi
|-supereffective|p1a: Jirachi
|-damage|p1a: Jirachi|6/100
|move|p1a: Jirachi|Psychic|p2a: Charizard
|-damage|p2a: Charizard|43/100
|
|-weather|Sandstorm|[upkeep]
|-damage|p2a: Charizard|37/100|[from] Sandstorm
|-heal|p2a: Charizard|43/100|[from] item: Leftovers
|-heal|p1a: Jirachi|12/100|[from] item: Leftovers
|upkeep
|turn|15
|
|t:|1728613370
|move|p2a: Charizard|Fire Blast|p1a: Jirachi
|-supereffective|p1a: Jirachi
|-damage|p1a: Jirachi|0 fnt
|faint|p1a: Jirachi
|
|t:|1728613373
|switch|p1a: Dugtrio|Dugtrio, M|100/100
|
|-weather|Sandstorm|[upkeep]
|-damage|p2a: Charizard|37/100|[from] Sandstorm
|-heal|p2a: Charizard|43/100|[from] item: Leftovers
|upkeep
|turn|16
|
|t:|1728613379
|switch|p1a: Kingdra|Kingdra, F|48/100
|switch|p2a: Celebi|Celebi|100/100
|
|-weather|Sandstorm|[upkeep]
|-damage|p2a: Celebi|94/100|[from] Sandstorm
|-damage|p1a: Kingdra|42/100|[from] Sandstorm
|-heal|p2a: Celebi|100/100|[from] item: Leftovers
|-heal|p1a: Kingdra|48/100|[from] item: Leftovers
|upkeep
|turn|17
|
|t:|1728613385
|move|p2a: Celebi|Calm Mind|p2a: Celebi
|-boost|p2a: Celebi|spa|1
|-boost|p2a: Celebi|spd|1
|move|p1a: Kingdra|Rain Dance|p1a: Kingdra
|-weather|RainDance
|
|-weather|RainDance|[upkeep]
|-heal|p1a: Kingdra|54/100|[from] item: Leftovers
|upkeep
|turn|18
|
|t:|1728613391
|move|p1a: Kingdra|Ice Beam|p2a: Celebi
|-supereffective|p2a: Celebi
|-damage|p2a: Celebi|68/100
|move|p2a: Celebi|Giga Drain|p1a: Kingdra
|-damage|p1a: Kingdra|12/100
|-heal|p2a: Celebi|84/100|[from] drain|[of] p1a: Kingdra
|
|-weather|RainDance|[upkeep]
|-heal|p1a: Kingdra|18/100|[from] item: Leftovers
|-heal|p2a: Celebi|91/100|[from] item: Leftovers
|upkeep
|turn|19
|
|t:|1728613396
|move|p1a: Kingdra|Ice Beam|p2a: Celebi
|-supereffective|p2a: Celebi
|-damage|p2a: Celebi|57/100
|move|p2a: Celebi|Giga Drain|p1a: Kingdra
|-damage|p1a: Kingdra|0 fnt
|-heal|p2a: Celebi|64/100|[from] drain|[of] p1a: Kingdra
|faint|p1a: Kingdra
|
|t:|1728613401
|switch|p1a: Dugtrio|Dugtrio, M|100/100
|
|-weather|RainDance|[upkeep]
|-heal|p2a: Celebi|70/100|[from] item: Leftovers
|upkeep
|turn|20
|
|t:|1728613405
|move|p1a: Dugtrio|Hidden Power|p2a: Celebi
|-supereffective|p2a: Celebi
|-damage|p2a: Celebi|0 fnt
|faint|p2a: Celebi
|
|t:|1728613412
|switch|p2a: Swampert|Swampert, F|100/100
|
|-weather|RainDance|[upkeep]
|upkeep
|turn|21
|
|t:|1728613416
|-singleturn|p2a: Swampert|move: Focus Punch
|switch|p1a: Shedinja|Shedinja|100/100
|move|p2a: Swampert|Focus Punch|p1a: Shedinja
|-immune|p1a: Shedinja|[from] ability: Wonder Guard
|
|-weather|none
|upkeep
|turn|22
|
|t:|1728613427
|switch|p2a: Salamence|Salamence, M|100/100
|-ability|p2a: Salamence|Intimidate|boost
|-unboost|p1a: Shedinja|atk|1
|move|p1a: Shedinja|Toxic|p2a: Salamence
|-status|p2a: Salamence|tox
|
|-damage|p2a: Salamence|94/100 tox|[from] psn
|upkeep
|turn|23
|
|t:|1728613434
|move|p1a: Shedinja|Protect|p1a: Shedinja
|-singleturn|p1a: Shedinja|Protect
|move|p2a: Salamence|Dragon Dance|p2a: Salamence
|-boost|p2a: Salamence|atk|1
|-boost|p2a: Salamence|spe|1
|
|-heal|p2a: Salamence|100/100 tox|[from] item: Leftovers
|-damage|p2a: Salamence|88/100 tox|[from] psn
|upkeep
|turn|24
|
|t:|1728613442
|move|p2a: Salamence|Hidden Power|p1a: Shedinja
|-supereffective|p1a: Shedinja
|-damage|p1a: Shedinja|0 fnt
|faint|p1a: Shedinja
|
|t:|1728613445
|switch|p1a: Dugtrio|Dugtrio, M|100/100
|
|-heal|p2a: Salamence|94/100 tox|[from] item: Leftovers
|-damage|p2a: Salamence|76/100 tox|[from] psn
|upkeep
|turn|25
|
|t:|1728613451
|move|p2a: Salamence|Hidden Power|p1a: Dugtrio
|-damage|p1a: Dugtrio|0 fnt
|faint|p1a: Dugtrio
|
|win|Key to life
|c|☆Key to life|ggs
|c|☆5darkelves|gg\

</script>
<script type="application/json" class="data" id="replaydata-smogtours-gen3ou-797116">
{"id":"smogtours-gen3ou-797116","format":"[Gen 3] OU","players":["5darkelves","Key to life"],"uploadtime":1728613451,"views":121,"formatid":"gen3ou","rating":null,"private":0,"password":null}
</script>

<script defer src="js/replays.js?9d40a366"></script>
