<!DOCTYPE html>
<meta charset="utf-8" />
<meta name="viewport" content="width=device-width" />

<title>[Gen 3] OU: thedhope vs. ur_gfs_next_bf - Replays - Pok&eacute;mon Showdown!</title>

<meta name="description" content="Watch a replay of a Pok&eacute;mon battle between thedhope and ur_gfs_next_bf! Format: [Gen 3] OU; Date: Oct 19, 2024" />
<!--

Hey, you! Looking in the source for the replay log?

You can find them in JSON format, just add `.json` at the end of a replay URL.

https://replay.pokemonshowdown.com/gen7randomdoublesbattle-865046831.json

Or, if you only need the log itself, add `.log` instead:

https://replay.pokemonshowdown.com/gen7randomdoublesbattle-865046831.log

-->

<link rel="stylesheet" href="//pokemonshowdown.com/style/global.css?0.023195364461161105" />
<link rel="stylesheet" href="//play.pokemonshowdown.com/style/font-awesome.css?0.13261647063804238" />
<link rel="stylesheet" href="//play.pokemonshowdown.com/style/battle.css?0.8753245789963631" />
<link rel="stylesheet" href="//play.pokemonshowdown.com/style/utilichart.css?0.8627959624976733" />

<!-- Global site tag (gtag.js) - Google Analytics -->
<script async src="https://www.googletagmanager.com/gtag/js?id=UA-26211653-1"></script>
<script>
  window.dataLayer = window.dataLayer || [];
  function gtag(){dataLayer.push(arguments);}
  gtag('js', new Date());

  gtag('config', 'UA-26211653-1');
</script>
<!-- End Google Analytics -->
<!-- Venatus Ad Manager - Install in <HEAD> of page -->
	<script src="https://hb.vntsm.com/v3/live/ad-manager.min.js" type="text/javascript" data-site-id="642aba63ec9a7b11c3c9c1be" data-mode="scan" async></script>
<!-- / Venatus Ad Manager -->

<style>
	@media (max-width:820px) {
		.battle {
			margin: 0 auto;
		}
		.battle-log {
			margin: 7px auto 0;
			max-width: 640px;
			height: 300px;
			position: static;
		}
	}
	.optgroup {
		display: inline-block;
		line-height: 22px;
		font-size: 10pt;
	}
	.optgroup .button {
		height: 25px;
		padding-top: 0;
		padding-bottom: 0;
	}
	.optgroup button.button {
		padding-left: 12px;
		padding-right: 12px;
	}
	.linklist {
		list-style: none;
		margin: 0.5em 0;
		padding: 0;
	}
	.linklist li {
		padding: 2px 0;
	}
	.sidebar {
		float: left;
		width: 320px;
	}
	.bar-wrapper {
		max-width: 1100px;
		margin: 0 auto;
	}
	.bar-wrapper.has-sidebar {
		max-width: 1430px;
	}
	.mainbar {
		margin: 0;
		padding-right: 1px;
	}
	.mainbar.has-sidebar {
		margin-left: 330px;
	}
	@media (min-width: 1511px) {
		.sidebar {
			width: 400px;
		}
		.bar-wrapper.has-sidebar {
			max-width: 1510px;
		}
		.mainbar.has-sidebar {
			margin-left: 410px;
		}
	}
	.section.first-section {
		margin-top: 9px;
	}
	.blocklink small {
		white-space: normal;
	}
	.button {
		vertical-align: middle;
	}
	.replay-controls {
		padding-top: 10px;
	}
	.replay-controls h1 {
		font-size: 16pt;
		font-weight: normal;
		color: #CCC;
	}
	.pagelink {
		text-align: center;
	}
	.pagelink a {
		width: 150px;
	}
	.textbox, .button {
		font-size: 11pt;
		vertical-align: middle;
	}
	@media (max-width: 450px) {
		.button {
			font-size: 9pt;
		}
	}
</style>

<div>

	<header>
		<div class="nav-wrapper"><ul class="nav">
			<li><a class="button nav-first" href="//pokemonshowdown.com/"><img src="//pokemonshowdown.com/images/pokemonshowdownbeta.png" srcset="//pokemonshowdown.com/images/pokemonshowdownbeta.png 1x, //pokemonshowdown.com/images/pokemonshowdownbeta@2x.png 2x" alt="Pok&eacute;mon Showdown" width="146" height="44" /> Home</a></li>
			<li><a class="button" href="//pokemonshowdown.com/dex/">Pok&eacute;dex</a></li>
			<li><a class="button cur" href="/">Replays</a></li>
			<li><a class="button" href="//pokemonshowdown.com/ladder/">Ladder</a></li>
			<li><a class="button nav-last" href="//pokemonshowdown.com/forums/">Forum</a></li>
			<li><a class="button greenbutton nav-first nav-last" href="//play.pokemonshowdown.com/">Play</a></li>
		</ul></div>
	</header>

	<div class="main" id="main">

		<noscript><section class="section">You need to enable JavaScript to use this page; sorry!</section></noscript>

	</div>

</div>

<script defer nomodule src="//play.pokemonshowdown.com/js/lib/ps-polyfill.js"></script>
<script defer src="//play.pokemonshowdown.com/js/lib/preact.min.js"></script>

<script defer src="//play.pokemonshowdown.com/config/config.js?2bddbc15"></script>
<script defer src="//play.pokemonshowdown.com/js/lib/jquery-1.11.0.min.js"></script>
<script defer src="//play.pokemonshowdown.com/js/lib/html-sanitizer-minified.js"></script>
<script defer src="//play.pokemonshowdown.com/js/battle-sound.js"></script>
<script defer src="//play.pokemonshowdown.com/js/battledata.js?0.7209276989879541"></script>
<script defer src="//play.pokemonshowdown.com/data/pokedex-mini.js?0.6111056340867951"></script>
<script defer src="//play.pokemonshowdown.com/data/pokedex-mini-bw.js?0.3532142036491459"></script>
<script defer src="//play.pokemonshowdown.com/data/graphics.js?0.24223875632456182"></script>
<script defer src="//play.pokemonshowdown.com/data/pokedex.js?0.38839984266356864"></script>
<script defer src="//play.pokemonshowdown.com/data/moves.js?0.21866028504024015"></script>
<script defer src="//play.pokemonshowdown.com/data/abilities.js?0.2005157953846628"></script>
<script defer src="//play.pokemonshowdown.com/data/items.js?0.9894211263848525"></script>
<script defer src="//play.pokemonshowdown.com/data/teambuilder-tables.js?0.6008791140282215"></script>
<script defer src="//play.pokemonshowdown.com/js/battle-tooltips.js?0.7580118955022959"></script>
<script defer src="//play.pokemonshowdown.com/js/battle.js?0.6057722274234274"></script>

<script defer src="js/utils.js?e31f9a17"></script>
<script defer src="js/replays-battle.js?7008c182"></script>

<!-- don't scrape this data! just add .json or .log after the URL!
Full API docs: https://github.com/smogon/pokemon-showdown-client/blob/master/WEB-API.md -->
<script type="text/plain" class="log" id="replaylog-smogtours-gen3ou-800140">
|inactive|Battle timer is ON: inactive players will automatically lose when time's up.
|t:|1729373575
|gametype|singles
|player|p1|thedhope|drayden|
|player|p2|ur_gfs_next_bf|swimmerf|
|teamsize|p1|6
|teamsize|p2|6
|gen|3
|tier|[Gen 3] OU
|rule|Sleep Clause Mod: Limit one foe put to sleep
|rule|Switch Priority Clause Mod: Faster Pokémon switch first
|rule|Species Clause: Limit one of each Pokémon
|rule|OHKO Clause: OHKO moves are banned
|rule|Evasion Items Clause: Evasion items are banned
|rule|Evasion Moves Clause: Evasion moves are banned
|rule|Endless Battle Clause: Forcing endless battles is banned
|rule|HP Percentage Mod: HP is shown in percentages
|rule|One Boost Passer Clause: Limit one Baton Passer that has a way to boost its stats
|rule|Freeze Clause Mod: Limit one foe frozen
|
|t:|1729373575
|start
|switch|p1a: Tyranitar|Tyranitar, M|100/100
|switch|p2a: Zapdos|Zapdos|100/100
|-weather|Sandstorm|[from] ability: Sand Stream|[of] p1a: Tyranitar
|turn|1
|inactive|ur_gfs_next_bf has 270 seconds left.
|
|t:|1729373613
|move|p2a: Zapdos|Baton Pass|p2a: Zapdos
|
|t:|1729373618
|switch|p2a: Metagross|Metagross|100/100|[from] Baton Pass
|move|p1a: Tyranitar|Rock Slide|p2a: Metagross
|-resisted|p2a: Metagross
|-damage|p2a: Metagross|84/100
|
|-weather|Sandstorm|[upkeep]
|-heal|p2a: Metagross|90/100|[from] item: Leftovers
|upkeep
|turn|2
|
|t:|1729373626
|switch|p1a: Skarmory|Skarmory, M|100/100
|move|p2a: Metagross|Meteor Mash|p1a: Skarmory
|-resisted|p1a: Skarmory
|-crit|p1a: Skarmory
|-damage|p1a: Skarmory|59/100
|
|-weather|Sandstorm|[upkeep]
|-heal|p1a: Skarmory|65/100|[from] item: Leftovers
|-heal|p2a: Metagross|96/100|[from] item: Leftovers
|upkeep
|turn|3
|
|t:|1729373643
|move|p1a: Skarmory|Spikes|p2a: Metagross
|-sidestart|p2: ur_gfs_next_bf|Spikes
|move|p2a: Metagross|Rock Slide|p1a: Skarmory
|-crit|p1a: Skarmory
|-damage|p1a: Skarmory|21/100
|
|-weather|Sandstorm|[upkeep]
|-heal|p1a: Skarmory|27/100|[from] item: Leftovers
|-heal|p2a: Metagross|100/100|[from] item: Leftovers
|upkeep
|turn|4
|
|t:|1729373663
|move|p2a: Metagross|Rock Slide|p1a: Skarmory
|-damage|p1a: Skarmory|4/100
|move|p1a: Skarmory|Roar|p2a: Metagross
|drag|p2a: Dugtrio|Dugtrio, M|100/100
|-damage|p2a: Dugtrio|88/100|[from] Spikes
|
|-weather|Sandstorm|[upkeep]
|-heal|p1a: Skarmory|10/100|[from] item: Leftovers
|upkeep
|turn|5
|inactive|ur_gfs_next_bf has 270 seconds left.
|
|t:|1729373704
|switch|p2a: Metagross|Metagross|100/100
|-damage|p2a: Metagross|88/100|[from] Spikes
|move|p1a: Skarmory|Spikes|p2a: Metagross
|-sidestart|p2: ur_gfs_next_bf|Spikes
|
|-weather|Sandstorm|[upkeep]
|-heal|p1a: Skarmory|16/100|[from] item: Leftovers
|-heal|p2a: Metagross|94/100|[from] item: Leftovers
|upkeep
|turn|6
|inactive|thedhope has 270 seconds left.
|
|t:|1729373743
|move|p1a: Skarmory|Spikes|p2a: Metagross
|-sidestart|p2: ur_gfs_next_bf|Spikes
|move|p2a: Metagross|Rock Slide|p1a: Skarmory
|-damage|p1a: Skarmory|0 fnt
|faint|p1a: Skarmory
|
|t:|1729373751
|switch|p1a: Claydol|Claydol|100/100
|
|-weather|Sandstorm|[upkeep]
|-heal|p2a: Metagross|99/100|[from] item: Leftovers
|upkeep
|turn|7
|inactive|ur_gfs_next_bf has 270 seconds left.
|inactive|ur_gfs_next_bf has 240 seconds left.
|
|t:|1729373802
|move|p1a: Claydol|Earthquake|p2a: Metagross
|-supereffective|p2a: Metagross
|-damage|p2a: Metagross|39/100
|move|p2a: Metagross|Meteor Mash|p1a: Claydol
|-damage|p1a: Claydol|41/100
|
|-weather|Sandstorm|[upkeep]
|-heal|p1a: Claydol|47/100|[from] item: Leftovers
|-heal|p2a: Metagross|45/100|[from] item: Leftovers
|upkeep
|turn|8
|inactive|thedhope has 270 seconds left.
|
|t:|1729373813
|switch|p2a: Zapdos|Zapdos|100/100
|move|p1a: Claydol|Earthquake|p2a: Zapdos
|-immune|p2a: Zapdos
|
|-weather|Sandstorm|[upkeep]
|-damage|p2a: Zapdos|94/100|[from] Sandstorm
|-heal|p2a: Zapdos|100/100|[from] item: Leftovers
|-heal|p1a: Claydol|53/100|[from] item: Leftovers
|upkeep
|turn|9
|inactive|thedhope has 270 seconds left.
|inactive|ur_gfs_next_bf has 240 seconds left.
|
|t:|1729373828
|move|p2a: Zapdos|Hidden Power|p1a: Claydol
|-supereffective|p1a: Claydol
|-damage|p1a: Claydol|5/100
|move|p1a: Claydol|Psychic|p2a: Zapdos
|-damage|p2a: Zapdos|77/100
|
|-weather|Sandstorm|[upkeep]
|-damage|p2a: Zapdos|70/100|[from] Sandstorm
|-heal|p2a: Zapdos|77/100|[from] item: Leftovers
|-heal|p1a: Claydol|11/100|[from] item: Leftovers
|upkeep
|turn|10
|inactive|thedhope has 270 seconds left.
|inactive|ur_gfs_next_bf has 240 seconds left.
|
|t:|1729373837
|switch|p1a: Tyranitar|Tyranitar, M|100/100
|move|p2a: Zapdos|Hidden Power|p1a: Tyranitar
|-supereffective|p1a: Tyranitar
|-damage|p1a: Tyranitar|55/100
|
|-weather|Sandstorm|[upkeep]
|-damage|p2a: Zapdos|70/100|[from] Sandstorm
|-heal|p2a: Zapdos|77/100|[from] item: Leftovers
|-heal|p1a: Tyranitar|61/100|[from] item: Leftovers
|upkeep
|turn|11
|inactive|ur_gfs_next_bf has 240 seconds left.
|inactive|ur_gfs_next_bf has 210 seconds left.
|
|t:|1729373886
|move|p2a: Zapdos|Thunderbolt|p1a: Tyranitar
|-damage|p1a: Tyranitar|14/100
|move|p1a: Tyranitar|Rock Slide|p2a: Zapdos
|-supereffective|p2a: Zapdos
|-crit|p2a: Zapdos
|-damage|p2a: Zapdos|0 fnt
|faint|p2a: Zapdos
|
|t:|1729373894
|switch|p2a: Dugtrio|Dugtrio, M|88/100
|-damage|p2a: Dugtrio|64/100|[from] Spikes
|
|-weather|Sandstorm|[upkeep]
|-heal|p1a: Tyranitar|20/100|[from] item: Leftovers
|upkeep
|turn|12
|inactive|ur_gfs_next_bf has 210 seconds left.
|
|t:|1729373913
|move|p2a: Dugtrio|Hidden Power|p1a: Tyranitar
|-supereffective|p1a: Tyranitar
|-damage|p1a: Tyranitar|0 fnt
|faint|p1a: Tyranitar
|
|t:|1729373916
|switch|p1a: Dugtrio|Dugtrio, M|100/100
|
|-weather|Sandstorm|[upkeep]
|upkeep
|turn|13
|inactive|ur_gfs_next_bf has 210 seconds left.
|
|t:|1729373930
|move|p1a: Dugtrio|Earthquake|p2a: Dugtrio
|-damage|p2a: Dugtrio|0 fnt
|faint|p2a: Dugtrio
|inactive|ur_gfs_next_bf has 180 seconds left.
|
|t:|1729373971
|switch|p2a: Kingdra|Kingdra, M|100/100
|-damage|p2a: Kingdra|76/100|[from] Spikes
|
|-weather|Sandstorm|[upkeep]
|-damage|p2a: Kingdra|70/100|[from] Sandstorm
|upkeep
|turn|14
|
|t:|1729373996
|switch|p1a: Blissey|Blissey, F|100/100
|move|p2a: Kingdra|Rain Dance|p2a: Kingdra
|-weather|RainDance
|
|-weather|RainDance|[upkeep]
|upkeep
|turn|15
|inactive|ur_gfs_next_bf has 150 seconds left.
|
|t:|1729374032
|switch|p2a: Metagross|Metagross|45/100
|-damage|p2a: Metagross|20/100|[from] Spikes
|move|p1a: Blissey|Thunder Wave|p2a: Metagross
|-status|p2a: Metagross|par
|
|-weather|RainDance|[upkeep]
|-heal|p2a: Metagross|26/100 par|[from] item: Leftovers
|upkeep
|turn|16
|inactive|ur_gfs_next_bf has 150 seconds left.
|
|t:|1729374044
|switch|p1a: Claydol|Claydol|11/100
|move|p2a: Metagross|Meteor Mash|p1a: Claydol
|-damage|p1a: Claydol|0 fnt
|faint|p1a: Claydol
|inactive|thedhope has 270 seconds left.
|
|t:|1729374081
|switch|p1a: Milotic|Milotic, M|100/100
|
|-weather|RainDance|[upkeep]
|-heal|p2a: Metagross|32/100 par|[from] item: Leftovers
|upkeep
|turn|17
|inactive|ur_gfs_next_bf has 150 seconds left.
|inactive|ur_gfs_next_bf has 120 seconds left.
|inactive|ur_gfs_next_bf has 90 seconds left.
|
|t:|1729374154
|move|p1a: Milotic|Surf|p2a: Metagross
|-damage|p2a: Metagross|0 fnt
|faint|p2a: Metagross
|inactive|ur_gfs_next_bf has 90 seconds left.
|inactive|ur_gfs_next_bf has 60 seconds left.
|
|t:|1729374202
|switch|p2a: Suicune|Suicune|100/100
|-damage|p2a: Suicune|76/100|[from] Spikes
|
|-weather|RainDance|[upkeep]
|-heal|p2a: Suicune|82/100|[from] item: Leftovers
|upkeep
|turn|18
|inactive|thedhope has 270 seconds left.
|
|t:|1729374224
|move|p2a: Suicune|Calm Mind|p2a: Suicune
|-boost|p2a: Suicune|spa|1
|-boost|p2a: Suicune|spd|1
|move|p1a: Milotic|Toxic|p2a: Suicune|[miss]
|-miss|p1a: Milotic|p2a: Suicune
|
|-weather|none
|-heal|p2a: Suicune|88/100|[from] item: Leftovers
|upkeep
|turn|19
|inactive|thedhope has 270 seconds left.
|inactive|ur_gfs_next_bf has 60 seconds left.
|inactive|ur_gfs_next_bf has 30 seconds left.
|inactive|ur_gfs_next_bf has 20 seconds left.
|
|t:|1729374274
|switch|p2a: Kingdra|Kingdra, M|70/100
|-damage|p2a: Kingdra|45/100|[from] Spikes
|move|p1a: Milotic|Toxic|p2a: Kingdra
|-status|p2a: Kingdra|tox
|-enditem|p2a: Kingdra|Lum Berry|[eat]
|-curestatus|p2a: Kingdra|tox|[msg]
|
|upkeep
|turn|20
|inactive|ur_gfs_next_bf has 30 seconds left this turn.
|inactive|ur_gfs_next_bf has 20 seconds left.
|inactive|ur_gfs_next_bf has 15 seconds left.
|inactive|ur_gfs_next_bf has 10 seconds left.
|
|t:|1729374297
|switch|p1a: Blissey|Blissey, F|100/100
|move|p2a: Kingdra|Hidden Power|p1a: Blissey
|-damage|p1a: Blissey|92/100
|
|-heal|p1a: Blissey|98/100|[from] item: Leftovers
|upkeep
|turn|21
|inactive|ur_gfs_next_bf has 20 seconds left this turn.
|inactive|ur_gfs_next_bf has 15 seconds left.
|
|t:|1729374306
|switch|p2a: Suicune|Suicune|88/100
|-damage|p2a: Suicune|63/100|[from] Spikes
|move|p1a: Blissey|Seismic Toss|p2a: Suicune
|-damage|p2a: Suicune|35/100
|
|-heal|p2a: Suicune|41/100|[from] item: Leftovers
|-heal|p1a: Blissey|100/100|[from] item: Leftovers
|upkeep
|turn|22
|inactive|ur_gfs_next_bf has 25 seconds left this turn.
|inactive|ur_gfs_next_bf has 20 seconds left.
|
|t:|1729374315
|move|p2a: Suicune|Calm Mind|p2a: Suicune
|-boost|p2a: Suicune|spa|1
|-boost|p2a: Suicune|spd|1
|move|p1a: Blissey|Seismic Toss|p2a: Suicune
|-damage|p2a: Suicune|14/100
|
|-heal|p2a: Suicune|20/100|[from] item: Leftovers
|upkeep
|turn|23
|inactive|ur_gfs_next_bf has 30 seconds left this turn.
|
|t:|1729374324
|move|p2a: Suicune|Hydro Pump|p1a: Blissey
|-damage|p1a: Blissey|71/100
|move|p1a: Blissey|Seismic Toss|p2a: Suicune
|-damage|p2a: Suicune|0 fnt
|faint|p2a: Suicune
|inactive|ur_gfs_next_bf has 30 seconds left this turn.
|
|t:|1729374328
|switch|p2a: Heracross|Heracross, M|100/100
|-damage|p2a: Heracross|76/100|[from] Spikes
|
|-heal|p1a: Blissey|77/100|[from] item: Leftovers
|upkeep
|turn|24
|inactive|ur_gfs_next_bf has 30 seconds left.
|inactive|thedhope has 270 seconds left.
|inactive|thedhope has 240 seconds left.
|inactive|thedhope has 210 seconds left.
|
|t:|1729374441
|move|p2a: Heracross|Swords Dance|p2a: Heracross
|-boost|p2a: Heracross|atk|2
|move|p1a: Blissey|Seismic Toss|p2a: Heracross
|-damage|p2a: Heracross|43/100
|
|-heal|p1a: Blissey|83/100|[from] item: Leftovers
|upkeep
|turn|25
|inactive|ur_gfs_next_bf has 30 seconds left.
|inactive|thedhope has 180 seconds left.
|
|t:|1729374483
|move|p2a: Heracross|Reversal|p1a: Blissey
|-supereffective|p1a: Blissey
|-crit|p1a: Blissey
|-damage|p1a: Blissey|0 fnt
|faint|p1a: Blissey
|inactive|ur_gfs_next_bf has 30 seconds left this turn.
|
|t:|1729374487
|switch|p1a: Dugtrio|Dugtrio, M|100/100
|
|upkeep
|turn|26
|
|t:|1729374492
|move|p2a: Heracross|Endure|p2a: Heracross
|-singleturn|p2a: Heracross|move: Endure
|move|p1a: Dugtrio|Aerial Ace|p2a: Heracross
|-supereffective|p2a: Heracross
|-activate|p2a: Heracross|move: Endure
|-damage|p2a: Heracross|1/100
|
|-enditem|p2a: Heracross|Salac Berry|[eat]
|-boost|p2a: Heracross|spe|1|[from] item: Salac Berry
|upkeep
|turn|27
|
|t:|1729374505
|move|p2a: Heracross|Reversal|p1a: Dugtrio
|-damage|p1a: Dugtrio|0 fnt
|faint|p1a: Dugtrio
|
|t:|1729374507
|switch|p1a: Milotic|Milotic, M|100/100
|
|upkeep
|turn|28
|
|t:|1729374509
|move|p2a: Heracross|Reversal|p1a: Milotic
|-damage|p1a: Milotic|0 fnt
|faint|p1a: Milotic
|
|win|ur_gfs_next_bf
|c|☆thedhope|Gg
|c|☆ur_gfs_next_bf|ggs!

</script>
<script type="application/json" class="data" id="replaydata-smogtours-gen3ou-800140">
{"id":"smogtours-gen3ou-800140","format":"[Gen 3] OU","players":["thedhope","ur_gfs_next_bf"],"uploadtime":1729374509,"views":142,"formatid":"gen3ou","rating":null,"private":0,"password":null}
</script>

<script defer src="js/replays.js?9d40a366"></script>
