<!DOCTYPE html>
<meta charset="utf-8" />
<meta name="viewport" content="width=device-width" />

<title>[Gen 3] OU: elanie vs. ComSeal - Replays - Pok&eacute;mon Showdown!</title>

<meta name="description" content="Watch a replay of a Pok&eacute;mon battle between elanie and ComSeal! Format: [Gen 3] OU; Date: Oct 10, 2024" />
<!--

Hey, you! Looking in the source for the replay log?

You can find them in JSON format, just add `.json` at the end of a replay URL.

https://replay.pokemonshowdown.com/gen7randomdoublesbattle-865046831.json

Or, if you only need the log itself, add `.log` instead:

https://replay.pokemonshowdown.com/gen7randomdoublesbattle-865046831.log

-->

<link rel="stylesheet" href="//pokemonshowdown.com/style/global.css?0.023195364461161105" />
<link rel="stylesheet" href="//play.pokemonshowdown.com/style/font-awesome.css?0.13261647063804238" />
<link rel="stylesheet" href="//play.pokemonshowdown.com/style/battle.css?0.8753245789963631" />
<link rel="stylesheet" href="//play.pokemonshowdown.com/style/utilichart.css?0.8627959624976733" />

<!-- Global site tag (gtag.js) - Google Analytics -->
<script async src="https://www.googletagmanager.com/gtag/js?id=UA-26211653-1"></script>
<script>
  window.dataLayer = window.dataLayer || [];
  function gtag(){dataLayer.push(arguments);}
  gtag('js', new Date());

  gtag('config', 'UA-26211653-1');
</script>
<!-- End Google Analytics -->
<!-- Venatus Ad Manager - Install in <HEAD> of page -->
	<script src="https://hb.vntsm.com/v3/live/ad-manager.min.js" type="text/javascript" data-site-id="642aba63ec9a7b11c3c9c1be" data-mode="scan" async></script>
<!-- / Venatus Ad Manager -->

<style>
	@media (max-width:820px) {
		.battle {
			margin: 0 auto;
		}
		.battle-log {
			margin: 7px auto 0;
			max-width: 640px;
			height: 300px;
			position: static;
		}
	}
	.optgroup {
		display: inline-block;
		line-height: 22px;
		font-size: 10pt;
	}
	.optgroup .button {
		height: 25px;
		padding-top: 0;
		padding-bottom: 0;
	}
	.optgroup button.button {
		padding-left: 12px;
		padding-right: 12px;
	}
	.linklist {
		list-style: none;
		margin: 0.5em 0;
		padding: 0;
	}
	.linklist li {
		padding: 2px 0;
	}
	.sidebar {
		float: left;
		width: 320px;
	}
	.bar-wrapper {
		max-width: 1100px;
		margin: 0 auto;
	}
	.bar-wrapper.has-sidebar {
		max-width: 1430px;
	}
	.mainbar {
		margin: 0;
		padding-right: 1px;
	}
	.mainbar.has-sidebar {
		margin-left: 330px;
	}
	@media (min-width: 1511px) {
		.sidebar {
			width: 400px;
		}
		.bar-wrapper.has-sidebar {
			max-width: 1510px;
		}
		.mainbar.has-sidebar {
			margin-left: 410px;
		}
	}
	.section.first-section {
		margin-top: 9px;
	}
	.blocklink small {
		white-space: normal;
	}
	.button {
		vertical-align: middle;
	}
	.replay-controls {
		padding-top: 10px;
	}
	.replay-controls h1 {
		font-size: 16pt;
		font-weight: normal;
		color: #CCC;
	}
	.pagelink {
		text-align: center;
	}
	.pagelink a {
		width: 150px;
	}
	.textbox, .button {
		font-size: 11pt;
		vertical-align: middle;
	}
	@media (max-width: 450px) {
		.button {
			font-size: 9pt;
		}
	}
</style>

<div>

	<header>
		<div class="nav-wrapper"><ul class="nav">
			<li><a class="button nav-first" href="//pokemonshowdown.com/"><img src="//pokemonshowdown.com/images/pokemonshowdownbeta.png" srcset="//pokemonshowdown.com/images/pokemonshowdownbeta.png 1x, //pokemonshowdown.com/images/pokemonshowdownbeta@2x.png 2x" alt="Pok&eacute;mon Showdown" width="146" height="44" /> Home</a></li>
			<li><a class="button" href="//pokemonshowdown.com/dex/">Pok&eacute;dex</a></li>
			<li><a class="button cur" href="/">Replays</a></li>
			<li><a class="button" href="//pokemonshowdown.com/ladder/">Ladder</a></li>
			<li><a class="button nav-last" href="//pokemonshowdown.com/forums/">Forum</a></li>
			<li><a class="button greenbutton nav-first nav-last" href="//play.pokemonshowdown.com/">Play</a></li>
		</ul></div>
	</header>

	<div class="main" id="main">

		<noscript><section class="section">You need to enable JavaScript to use this page; sorry!</section></noscript>

	</div>

</div>

<script defer nomodule src="//play.pokemonshowdown.com/js/lib/ps-polyfill.js"></script>
<script defer src="//play.pokemonshowdown.com/js/lib/preact.min.js"></script>

<script defer src="//play.pokemonshowdown.com/config/config.js?2bddbc15"></script>
<script defer src="//play.pokemonshowdown.com/js/lib/jquery-1.11.0.min.js"></script>
<script defer src="//play.pokemonshowdown.com/js/lib/html-sanitizer-minified.js"></script>
<script defer src="//play.pokemonshowdown.com/js/battle-sound.js"></script>
<script defer src="//play.pokemonshowdown.com/js/battledata.js?0.7209276989879541"></script>
<script defer src="//play.pokemonshowdown.com/data/pokedex-mini.js?0.6111056340867951"></script>
<script defer src="//play.pokemonshowdown.com/data/pokedex-mini-bw.js?0.3532142036491459"></script>
<script defer src="//play.pokemonshowdown.com/data/graphics.js?0.24223875632456182"></script>
<script defer src="//play.pokemonshowdown.com/data/pokedex.js?0.38839984266356864"></script>
<script defer src="//play.pokemonshowdown.com/data/moves.js?0.21866028504024015"></script>
<script defer src="//play.pokemonshowdown.com/data/abilities.js?0.2005157953846628"></script>
<script defer src="//play.pokemonshowdown.com/data/items.js?0.9894211263848525"></script>
<script defer src="//play.pokemonshowdown.com/data/teambuilder-tables.js?0.6008791140282215"></script>
<script defer src="//play.pokemonshowdown.com/js/battle-tooltips.js?0.7580118955022959"></script>
<script defer src="//play.pokemonshowdown.com/js/battle.js?0.6057722274234274"></script>

<script defer src="js/utils.js?e31f9a17"></script>
<script defer src="js/replays-battle.js?7008c182"></script>

<!-- don't scrape this data! just add .json or .log after the URL!
Full API docs: https://github.com/smogon/pokemon-showdown-client/blob/master/WEB-API.md -->
<script type="text/plain" class="log" id="replaylog-smogtours-gen3ou-797081">
|inactive|Battle timer is ON: inactive players will automatically lose when time's up.
|t:|1728603813
|gametype|singles
|player|p1|elanie|265|
|player|p2|ComSeal|pokemonrangerf|
|teamsize|p1|6
|teamsize|p2|6
|gen|3
|tier|[Gen 3] OU
|rule|Sleep Clause Mod: Limit one foe put to sleep
|rule|Switch Priority Clause Mod: Faster Pokémon switch first
|rule|Species Clause: Limit one of each Pokémon
|rule|OHKO Clause: OHKO moves are banned
|rule|Evasion Items Clause: Evasion items are banned
|rule|Evasion Moves Clause: Evasion moves are banned
|rule|Endless Battle Clause: Forcing endless battles is banned
|rule|HP Percentage Mod: HP is shown in percentages
|rule|One Boost Passer Clause: Limit one Baton Passer that has a way to boost its stats
|rule|Freeze Clause Mod: Limit one foe frozen
|
|t:|1728603813
|start
|switch|p1a: Metagross|Metagross|100/100
|switch|p2a: Glalie|Glalie, M|100/100
|turn|1
|
|t:|1728603822
|move|p2a: Glalie|Spikes|p1a: Metagross
|-sidestart|p1: elanie|Spikes
|move|p1a: Metagross|Rock Slide|p2a: Glalie
|-supereffective|p2a: Glalie
|-damage|p2a: Glalie|0 fnt
|faint|p2a: Glalie
|
|t:|1728603835
|switch|p2a: Swampert|Swampert, M|100/100
|
|upkeep
|turn|2
|
|t:|1728603856
|switch|p1a: Snorlax|Snorlax, F|100/100
|-damage|p1a: Snorlax|88/100|[from] Spikes
|move|p2a: Swampert|Hydro Pump|p1a: Snorlax
|-damage|p1a: Snorlax|63/100
|
|-heal|p1a: Snorlax|69/100|[from] item: Leftovers
|upkeep
|turn|3
|
|t:|1728603864
|-singleturn|p1a: Snorlax|move: Focus Punch
|move|p2a: Swampert|Earthquake|p1a: Snorlax
|-damage|p1a: Snorlax|40/100
|move|p1a: Snorlax|Focus Punch||[still]
|cant|p1a: Snorlax|Focus Punch|Focus Punch
|
|-heal|p1a: Snorlax|47/100|[from] item: Leftovers
|upkeep
|turn|4
|
|t:|1728603870
|move|p2a: Swampert|Earthquake|p1a: Snorlax
|-damage|p1a: Snorlax|18/100
|move|p1a: Snorlax|Self-Destruct|p2a: Swampert
|-damage|p2a: Swampert|0 fnt
|faint|p1a: Snorlax
|faint|p2a: Swampert
|inactive|elanie has 270 seconds left.
|
|t:|1728603917
|switch|p2a: Smeargle|Smeargle, F|100/100
|switch|p1a: Porygon2|Porygon2|100/100
|-damage|p1a: Porygon2|88/100|[from] Spikes
|-ability|p1a: Porygon2|Own Tempo|[from] ability: Trace|[of] p2a: Smeargle
|
|-heal|p1a: Porygon2|94/100|[from] item: Leftovers
|upkeep
|turn|5
|
|t:|1728603938
|move|p2a: Smeargle|Spore|p1a: Porygon2
|-status|p1a: Porygon2|slp|[from] move: Spore
|cant|p1a: Porygon2|slp
|
|-heal|p1a: Porygon2|100/100 slp|[from] item: Leftovers
|upkeep
|turn|6
|
|t:|1728603943
|switch|p1a: Metagross|Metagross|100/100
|-damage|p1a: Metagross|88/100|[from] Spikes
|move|p2a: Smeargle|Spikes|p1a: Metagross
|-sidestart|p1: elanie|Spikes
|
|upkeep
|turn|7
|
|t:|1728603962
|move|p2a: Smeargle|Spikes|p1a: Metagross
|-sidestart|p1: elanie|Spikes
|move|p1a: Metagross|Meteor Mash|p2a: Smeargle
|-damage|p2a: Smeargle|0 fnt
|faint|p2a: Smeargle
|
|t:|1728603970
|switch|p2a: Gengar|Gengar, M, shiny|100/100
|
|upkeep
|turn|8
|inactive|elanie has 270 seconds left.
|
|t:|1728603992
|switch|p1a: Porygon2|Porygon2|100/100 slp
|-damage|p1a: Porygon2|76/100 slp|[from] Spikes
|-ability|p1a: Porygon2|Levitate|[from] ability: Trace|[of] p2a: Gengar
|move|p2a: Gengar|Thunderbolt|p1a: Porygon2
|-damage|p1a: Porygon2|47/100 slp
|
|-heal|p1a: Porygon2|53/100 slp|[from] item: Leftovers
|upkeep
|turn|9
|
|t:|1728604003
|-singleturn|p2a: Gengar|move: Focus Punch
|cant|p1a: Porygon2|slp
|move|p2a: Gengar|Focus Punch|p1a: Porygon2
|-supereffective|p1a: Porygon2
|-damage|p1a: Porygon2|5/100 slp
|
|-heal|p1a: Porygon2|11/100 slp|[from] item: Leftovers
|upkeep
|turn|10
|inactive|elanie has 270 seconds left.
|
|t:|1728604016
|move|p2a: Gengar|Thunderbolt|p1a: Porygon2
|-damage|p1a: Porygon2|0 fnt
|faint|p1a: Porygon2
|inactive|elanie has 270 seconds left.
|
|t:|1728604038
|switch|p1a: Metagross|Metagross|88/100
|-damage|p1a: Metagross|63/100|[from] Spikes
|
|upkeep
|turn|11
|
|t:|1728604045
|move|p2a: Gengar|Thunderbolt|p1a: Metagross
|-damage|p1a: Metagross|30/100
|move|p1a: Metagross|Meteor Mash|p2a: Gengar
|-damage|p2a: Gengar|0 fnt
|-boost|p1a: Metagross|atk|1
|faint|p2a: Gengar
|
|t:|1728604050
|switch|p2a: Aerodactyl|Aerodactyl, M|100/100
|
|upkeep
|turn|12
|inactive|elanie has 270 seconds left.
|
|t:|1728604061
|switch|p1a: Zapdos|Zapdos|100/100
|move|p2a: Aerodactyl|Earthquake|p1a: Zapdos
|-immune|p1a: Zapdos
|
|upkeep
|turn|13
|inactive|elanie has 270 seconds left.
|inactive|elanie has 240 seconds left.
|
|t:|1728604112
|move|p2a: Aerodactyl|Substitute|p2a: Aerodactyl
|-start|p2a: Aerodactyl|Substitute
|-damage|p2a: Aerodactyl|75/100
|move|p1a: Zapdos|Thunderbolt|p2a: Aerodactyl
|-supereffective|p2a: Aerodactyl
|-end|p2a: Aerodactyl|Substitute
|
|upkeep
|turn|14
|
|t:|1728604130
|move|p2a: Aerodactyl|Substitute|p2a: Aerodactyl
|-start|p2a: Aerodactyl|Substitute
|-damage|p2a: Aerodactyl|50/100
|move|p1a: Zapdos|Thunderbolt|p2a: Aerodactyl
|-supereffective|p2a: Aerodactyl
|-end|p2a: Aerodactyl|Substitute
|
|upkeep
|turn|15
|inactive|elanie has 210 seconds left.
|
|t:|1728604159
|move|p2a: Aerodactyl|Substitute|p2a: Aerodactyl
|-start|p2a: Aerodactyl|Substitute
|-damage|p2a: Aerodactyl|25/100
|move|p1a: Zapdos|Roar|p2a: Aerodactyl
|drag|p2a: Tyranitar|Tyranitar, F|100/100
|-weather|Sandstorm|[from] ability: Sand Stream|[of] p2a: Tyranitar
|
|-weather|Sandstorm|[upkeep]
|-damage|p1a: Zapdos|94/100|[from] Sandstorm
|-heal|p1a: Zapdos|100/100|[from] item: Leftovers
|upkeep
|turn|16
|inactive|elanie has 210 seconds left.
|
|t:|1728604176
|switch|p1a: Metagross|Metagross|30/100
|-damage|p1a: Metagross|5/100|[from] Spikes
|move|p2a: Tyranitar|Dragon Dance|p2a: Tyranitar
|-boost|p2a: Tyranitar|atk|1
|-boost|p2a: Tyranitar|spe|1
|
|-weather|Sandstorm|[upkeep]
|upkeep
|turn|17
|inactive|elanie has 210 seconds left.
|
|t:|1728604183
|move|p2a: Tyranitar|Earthquake|p1a: Metagross
|-supereffective|p1a: Metagross
|-crit|p1a: Metagross
|-damage|p1a: Metagross|0 fnt
|faint|p1a: Metagross
|inactive|elanie has 210 seconds left.
|inactive|elanie has 180 seconds left.
|
|t:|1728604230
|switch|p1a: Zapdos|Zapdos|100/100
|
|-weather|Sandstorm|[upkeep]
|-damage|p1a: Zapdos|94/100|[from] Sandstorm
|-heal|p1a: Zapdos|100/100|[from] item: Leftovers
|upkeep
|turn|18
|
|t:|1728604235
|move|p2a: Tyranitar|Rock Slide|p1a: Zapdos
|-supereffective|p1a: Zapdos
|-damage|p1a: Zapdos|0 fnt
|faint|p1a: Zapdos
|
|t:|1728604238
|switch|p1a: Starmie|Starmie|100/100
|-damage|p1a: Starmie|76/100|[from] Spikes
|
|-weather|Sandstorm|[upkeep]
|-damage|p1a: Starmie|70/100|[from] Sandstorm
|-heal|p1a: Starmie|76/100|[from] item: Leftovers
|upkeep
|turn|19
|
|t:|1728604243
|move|p2a: Tyranitar|Hidden Power|p1a: Starmie
|-supereffective|p1a: Starmie
|-damage|p1a: Starmie|0 fnt
|faint|p1a: Starmie
|c|☆elanie|gg
|-message|elanie forfeited.
|
|win|ComSeal
|c|☆ComSeal|Gg
|c|☆elanie|well played!!
|c|☆elanie|ill send replays

</script>
<script type="application/json" class="data" id="replaydata-smogtours-gen3ou-797081">
{"id":"smogtours-gen3ou-797081","format":"[Gen 3] OU","players":["elanie","ComSeal"],"uploadtime":1728604255,"views":78,"formatid":"gen3ou","rating":null,"private":0,"password":null}
</script>

<script defer src="js/replays.js?9d40a366"></script>
