<!DOCTYPE html>
<meta charset="utf-8" />
<meta name="viewport" content="width=device-width" />

<title>[Gen 3] OU: Alecss vs. KingWafl - Replays - Pok&eacute;mon Showdown!</title>

<meta name="description" content="Watch a replay of a Pok&eacute;mon battle between Alecss and KingWafl! Format: [Gen 3] OU; Date: Oct 29, 2024" />
<!--

Hey, you! Looking in the source for the replay log?

You can find them in JSON format, just add `.json` at the end of a replay URL.

https://replay.pokemonshowdown.com/gen7randomdoublesbattle-865046831.json

Or, if you only need the log itself, add `.log` instead:

https://replay.pokemonshowdown.com/gen7randomdoublesbattle-865046831.log

-->

<link rel="stylesheet" href="//pokemonshowdown.com/style/global.css?0.767286132409787" />
<link rel="stylesheet" href="//play.pokemonshowdown.com/style/font-awesome.css?0.9266228007934947" />
<link rel="stylesheet" href="//play.pokemonshowdown.com/style/battle.css?0.7924700842790926" />
<link rel="stylesheet" href="//play.pokemonshowdown.com/style/utilichart.css?0.8777417872839479" />

<!-- Global site tag (gtag.js) - Google Analytics -->
<script async src="https://www.googletagmanager.com/gtag/js?id=UA-26211653-1"></script>
<script>
  window.dataLayer = window.dataLayer || [];
  function gtag(){dataLayer.push(arguments);}
  gtag('js', new Date());

  gtag('config', 'UA-26211653-1');
</script>
<!-- End Google Analytics -->
<!-- Venatus Ad Manager - Install in <HEAD> of page -->
	<script src="https://hb.vntsm.com/v3/live/ad-manager.min.js" type="text/javascript" data-site-id="642aba63ec9a7b11c3c9c1be" data-mode="scan" async></script>
<!-- / Venatus Ad Manager -->

<style>
	@media (max-width:820px) {
		.battle {
			margin: 0 auto;
		}
		.battle-log {
			margin: 7px auto 0;
			max-width: 640px;
			height: 300px;
			position: static;
		}
	}
	.optgroup {
		display: inline-block;
		line-height: 22px;
		font-size: 10pt;
	}
	.optgroup .button {
		height: 25px;
		padding-top: 0;
		padding-bottom: 0;
	}
	.optgroup button.button {
		padding-left: 12px;
		padding-right: 12px;
	}
	.linklist {
		list-style: none;
		margin: 0.5em 0;
		padding: 0;
	}
	.linklist li {
		padding: 2px 0;
	}
	.sidebar {
		float: left;
		width: 320px;
	}
	.bar-wrapper {
		max-width: 1100px;
		margin: 0 auto;
	}
	.bar-wrapper.has-sidebar {
		max-width: 1430px;
	}
	.mainbar {
		margin: 0;
		padding-right: 1px;
	}
	.mainbar.has-sidebar {
		margin-left: 330px;
	}
	@media (min-width: 1511px) {
		.sidebar {
			width: 400px;
		}
		.bar-wrapper.has-sidebar {
			max-width: 1510px;
		}
		.mainbar.has-sidebar {
			margin-left: 410px;
		}
	}
	.section.first-section {
		margin-top: 9px;
	}
	.blocklink small {
		white-space: normal;
	}
	.button {
		vertical-align: middle;
	}
	.replay-controls {
		padding-top: 10px;
	}
	.replay-controls h1 {
		font-size: 16pt;
		font-weight: normal;
		color: #CCC;
	}
	.pagelink {
		text-align: center;
	}
	.pagelink a {
		width: 150px;
	}
	.textbox, .button {
		font-size: 11pt;
		vertical-align: middle;
	}
	@media (max-width: 450px) {
		.button {
			font-size: 9pt;
		}
	}
</style>

<div>

	<header>
		<div class="nav-wrapper"><ul class="nav">
			<li><a class="button nav-first" href="//pokemonshowdown.com/"><img src="//pokemonshowdown.com/images/pokemonshowdownbeta.png" srcset="//pokemonshowdown.com/images/pokemonshowdownbeta.png 1x, //pokemonshowdown.com/images/pokemonshowdownbeta@2x.png 2x" alt="Pok&eacute;mon Showdown" width="146" height="44" /> Home</a></li>
			<li><a class="button" href="//pokemonshowdown.com/dex/">Pok&eacute;dex</a></li>
			<li><a class="button cur" href="/">Replays</a></li>
			<li><a class="button" href="//pokemonshowdown.com/ladder/">Ladder</a></li>
			<li><a class="button nav-last" href="//pokemonshowdown.com/forums/">Forum</a></li>
			<li><a class="button greenbutton nav-first nav-last" href="//play.pokemonshowdown.com/">Play</a></li>
		</ul></div>
	</header>

	<div class="main" id="main">

		<noscript><section class="section">You need to enable JavaScript to use this page; sorry!</section></noscript>

	</div>

</div>

<script defer nomodule src="//play.pokemonshowdown.com/js/lib/ps-polyfill.js"></script>
<script defer src="//play.pokemonshowdown.com/js/lib/preact.min.js"></script>

<script defer src="//play.pokemonshowdown.com/config/config.js?6dec07f6"></script>
<script defer src="//play.pokemonshowdown.com/js/lib/jquery-1.11.0.min.js"></script>
<script defer src="//play.pokemonshowdown.com/js/lib/html-sanitizer-minified.js"></script>
<script defer src="//play.pokemonshowdown.com/js/battle-sound.js"></script>
<script defer src="//play.pokemonshowdown.com/js/battledata.js?0.6315294753075389"></script>
<script defer src="//play.pokemonshowdown.com/data/pokedex-mini.js?0.7603743185311358"></script>
<script defer src="//play.pokemonshowdown.com/data/pokedex-mini-bw.js?0.030888842834281283"></script>
<script defer src="//play.pokemonshowdown.com/data/graphics.js?0.05593094747507488"></script>
<script defer src="//play.pokemonshowdown.com/data/pokedex.js?0.47064822249611904"></script>
<script defer src="//play.pokemonshowdown.com/data/moves.js?0.8583693120512459"></script>
<script defer src="//play.pokemonshowdown.com/data/abilities.js?0.16017181182386842"></script>
<script defer src="//play.pokemonshowdown.com/data/items.js?0.4163379185673943"></script>
<script defer src="//play.pokemonshowdown.com/data/teambuilder-tables.js?0.31075597372830477"></script>
<script defer src="//play.pokemonshowdown.com/js/battle-tooltips.js?0.6536193500708172"></script>
<script defer src="//play.pokemonshowdown.com/js/battle.js?0.1916591943277901"></script>

<script defer src="js/utils.js?e31f9a17"></script>
<script defer src="js/replays-battle.js?7008c182"></script>

<!-- don't scrape this data! just add .json or .log after the URL!
Full API docs: https://github.com/smogon/pokemon-showdown-client/blob/master/WEB-API.md -->
<script type="text/plain" class="log" id="replaylog-smogtours-gen3ou-803222">
|inactive|Battle timer is ON: inactive players will automatically lose when time's up.
|t:|1730169741
|gametype|singles
|player|p1|Alecss|red-gen1|
|player|p2|KingWafl|169|
|teamsize|p1|6
|teamsize|p2|6
|gen|3
|tier|[Gen 3] OU
|rule|Sleep Clause Mod: Limit one foe put to sleep
|rule|Switch Priority Clause Mod: Faster Pokémon switch first
|rule|Species Clause: Limit one of each Pokémon
|rule|OHKO Clause: OHKO moves are banned
|rule|Evasion Items Clause: Evasion items are banned
|rule|Evasion Moves Clause: Evasion moves are banned
|rule|Endless Battle Clause: Forcing endless battles is banned
|rule|HP Percentage Mod: HP is shown in percentages
|rule|One Boost Passer Clause: Limit one Baton Passer that has a way to boost its stats
|rule|Freeze Clause Mod: Limit one foe frozen
|
|t:|1730169741
|start
|switch|p1a: Tyranitar|Tyranitar, M|100/100
|switch|p2a: Salamence|Salamence, M|100/100
|-ability|p2a: Salamence|Intimidate|boost
|-unboost|p1a: Tyranitar|atk|1
|-weather|Sandstorm|[from] ability: Sand Stream|[of] p1a: Tyranitar
|turn|1
|c|☆KingWafl|glhf!
|
|t:|1730169752
|switch|p1a: Swampert|Swampert, M|100/100
|move|p2a: Salamence|Hidden Power|p1a: Swampert
|-damage|p1a: Swampert|62/100
|
|-weather|Sandstorm|[upkeep]
|-damage|p2a: Salamence|94/100|[from] Sandstorm
|-heal|p1a: Swampert|68/100|[from] item: Leftovers
|upkeep
|turn|2
|
|t:|1730169761
|switch|p2a: Jolteon|Jolteon, F|100/100
|switch|p1a: Zapdos|Zapdos|100/100
|
|-weather|Sandstorm|[upkeep]
|-damage|p2a: Jolteon|95/100|[from] Sandstorm
|-damage|p1a: Zapdos|94/100|[from] Sandstorm
|-heal|p2a: Jolteon|100/100|[from] item: Leftovers
|-heal|p1a: Zapdos|100/100|[from] item: Leftovers
|upkeep
|turn|3
|
|t:|1730169766
|move|p2a: Jolteon|Thunderbolt|p1a: Zapdos
|-damage|p1a: Zapdos|64/100
|move|p1a: Zapdos|Toxic|p2a: Jolteon
|-status|p2a: Jolteon|tox
|
|-weather|Sandstorm|[upkeep]
|-damage|p2a: Jolteon|95/100 tox|[from] Sandstorm
|-damage|p1a: Zapdos|58/100|[from] Sandstorm
|-heal|p2a: Jolteon|100/100 tox|[from] item: Leftovers
|-damage|p2a: Jolteon|95/100 tox|[from] psn
|-heal|p1a: Zapdos|64/100|[from] item: Leftovers
|upkeep
|turn|4
|
|t:|1730169773
|switch|p1a: Dugtrio|Dugtrio, F|100/100
|move|p2a: Jolteon|Substitute|p2a: Jolteon
|-start|p2a: Jolteon|Substitute
|-damage|p2a: Jolteon|70/100 tox
|
|-weather|Sandstorm|[upkeep]
|-damage|p2a: Jolteon|64/100 tox|[from] Sandstorm
|-heal|p2a: Jolteon|70/100 tox|[from] item: Leftovers
|-damage|p2a: Jolteon|58/100 tox|[from] psn
|upkeep
|turn|5
|
|t:|1730169780
|switch|p1a: Swampert|Swampert, M|68/100
|move|p2a: Jolteon|Baton Pass|p2a: Jolteon
|c|☆Alecss|u2!
|inactive|KingWafl has 270 seconds left.
|
|t:|1730169810
|switch|p2a: Kingdra|Kingdra, F|100/100|[from] Baton Pass
|
|-weather|Sandstorm|[upkeep]
|-damage|p2a: Kingdra|94/100|[from] Sandstorm
|-heal|p2a: Kingdra|100/100|[from] item: Leftovers
|-heal|p1a: Swampert|75/100|[from] item: Leftovers
|upkeep
|turn|6
|
|t:|1730169820
|move|p2a: Kingdra|Rain Dance|p2a: Kingdra
|-weather|RainDance
|move|p1a: Swampert|Earthquake|p2a: Kingdra
|-end|p2a: Kingdra|Substitute
|
|-weather|RainDance|[upkeep]
|-heal|p1a: Swampert|81/100|[from] item: Leftovers
|upkeep
|turn|7
|
|t:|1730169823
|move|p1a: Swampert|Protect|p1a: Swampert
|-singleturn|p1a: Swampert|Protect
|move|p2a: Kingdra|Surf|p1a: Swampert
|-activate|p1a: Swampert|Protect
|
|-weather|RainDance|[upkeep]
|-heal|p1a: Swampert|87/100|[from] item: Leftovers
|upkeep
|turn|8
|
|t:|1730169848
|switch|p1a: Zapdos|Zapdos|64/100
|move|p2a: Kingdra|Surf|p1a: Zapdos
|-damage|p1a: Zapdos|6/100
|
|-weather|RainDance|[upkeep]
|-heal|p1a: Zapdos|12/100|[from] item: Leftovers
|upkeep
|turn|9
|
|t:|1730169853
|move|p2a: Kingdra|Surf|p1a: Zapdos
|-damage|p1a: Zapdos|0 fnt
|faint|p1a: Zapdos
|
|t:|1730169859
|switch|p1a: Tyranitar|Tyranitar, M|100/100
|-weather|Sandstorm|[from] ability: Sand Stream|[of] p1a: Tyranitar
|
|-weather|Sandstorm|[upkeep]
|-damage|p2a: Kingdra|94/100|[from] Sandstorm
|-heal|p2a: Kingdra|100/100|[from] item: Leftovers
|upkeep
|turn|10
|inactive|KingWafl has 270 seconds left.
|inactive|KingWafl has 240 seconds left.
|inactive|KingWafl has 210 seconds left.
|inactive|KingWafl has 180 seconds left.
|inactive|KingWafl has 150 seconds left.
|
|t:|1730170026
|switch|p2a: Salamence|Salamence, M|94/100
|-ability|p2a: Salamence|Intimidate|boost
|-unboost|p1a: Tyranitar|atk|1
|move|p1a: Tyranitar|Dragon Dance|p1a: Tyranitar
|-boost|p1a: Tyranitar|atk|1
|-boost|p1a: Tyranitar|spe|1
|
|-weather|Sandstorm|[upkeep]
|-damage|p2a: Salamence|88/100|[from] Sandstorm
|upkeep
|turn|11
|inactive|Alecss has 270 seconds left.
|inactive|KingWafl has 120 seconds left.
|inactive|Alecss has 240 seconds left.
|inactive|KingWafl has 90 seconds left.
|inactive|Alecss has 210 seconds left.
|
|t:|1730170117
|switch|p2a: Snorlax|Snorlax, F|100/100
|move|p1a: Tyranitar|Rock Slide|p2a: Snorlax
|-damage|p2a: Snorlax|70/100
|
|-weather|Sandstorm|[upkeep]
|-damage|p2a: Snorlax|63/100|[from] Sandstorm
|-heal|p2a: Snorlax|70/100|[from] item: Leftovers
|upkeep
|turn|12
|inactive|Alecss has 210 seconds left.
|
|t:|1730170124
|move|p1a: Tyranitar|Dragon Dance|p1a: Tyranitar
|-boost|p1a: Tyranitar|atk|1
|-boost|p1a: Tyranitar|spe|1
|move|p2a: Snorlax|Self-Destruct|p1a: Tyranitar
|-resisted|p1a: Tyranitar
|-damage|p1a: Tyranitar|23/100
|faint|p2a: Snorlax
|inactive|KingWafl has 60 seconds left.
|inactive|KingWafl has 30 seconds left.
|
|t:|1730170183
|switch|p2a: Jolteon|Jolteon, F|58/100 tox
|
|-weather|Sandstorm|[upkeep]
|-damage|p2a: Jolteon|52/100 tox|[from] Sandstorm
|-heal|p2a: Jolteon|58/100 tox|[from] item: Leftovers
|-damage|p2a: Jolteon|52/100 tox|[from] psn
|upkeep
|turn|13
|
|t:|1730170188
|move|p1a: Tyranitar|Rock Slide|p2a: Jolteon|[miss]
|-miss|p1a: Tyranitar|p2a: Jolteon
|move|p2a: Jolteon|Thunderbolt|p1a: Tyranitar
|-damage|p1a: Tyranitar|0 fnt
|faint|p1a: Tyranitar
|
|t:|1730170200
|switch|p1a: Gengar|Gengar, F|100/100
|
|-weather|Sandstorm|[upkeep]
|-damage|p2a: Jolteon|46/100 tox|[from] Sandstorm
|-damage|p1a: Gengar|94/100|[from] Sandstorm
|-heal|p2a: Jolteon|52/100 tox|[from] item: Leftovers
|-damage|p2a: Jolteon|40/100 tox|[from] psn
|-heal|p1a: Gengar|100/100|[from] item: Leftovers
|upkeep
|turn|14
|
|t:|1730170208
|move|p2a: Jolteon|Thunderbolt|p1a: Gengar
|-damage|p1a: Gengar|28/100
|move|p1a: Gengar|Ice Punch|p2a: Jolteon
|-damage|p2a: Jolteon|3/100 tox
|
|-weather|Sandstorm|[upkeep]
|-damage|p2a: Jolteon|0 fnt|[from] Sandstorm
|-damage|p1a: Gengar|22/100|[from] Sandstorm
|faint|p2a: Jolteon
|-heal|p1a: Gengar|28/100|[from] item: Leftovers
|upkeep
|
|t:|1730170211
|switch|p2a: Kingdra|Kingdra, F|100/100
|turn|15
|
|t:|1730170213
|move|p1a: Gengar|Explosion|p2a: Kingdra
|-damage|p2a: Kingdra|1/100
|faint|p1a: Gengar
|inactive|Alecss has 240 seconds left.
|
|t:|1730170218
|switch|p1a: Swampert|Swampert, M|87/100
|
|-weather|Sandstorm|[upkeep]
|-damage|p2a: Kingdra|0 fnt|[from] Sandstorm
|faint|p2a: Kingdra
|-heal|p1a: Swampert|93/100|[from] item: Leftovers
|upkeep
|
|t:|1730170229
|switch|p2a: Charizard|Charizard, M|100/100
|turn|16
|
|t:|1730170237
|move|p2a: Charizard|Belly Drum|p2a: Charizard
|-damage|p2a: Charizard|50/100
|-setboost|p2a: Charizard|atk|6|[from] move: Belly Drum
|move|p1a: Swampert|Hydro Pump|p2a: Charizard
|-supereffective|p2a: Charizard
|-damage|p2a: Charizard|0 fnt
|faint|p2a: Charizard
|
|t:|1730170242
|switch|p2a: Salamence|Salamence, M|88/100
|-ability|p2a: Salamence|Intimidate|boost
|-unboost|p1a: Swampert|atk|1
|
|-weather|Sandstorm|[upkeep]
|-damage|p2a: Salamence|82/100|[from] Sandstorm
|-heal|p1a: Swampert|99/100|[from] item: Leftovers
|upkeep
|turn|17
|
|t:|1730170249
|move|p1a: Swampert|Protect|p1a: Swampert
|-singleturn|p1a: Swampert|Protect
|move|p2a: Salamence|Hidden Power|p1a: Swampert
|-activate|p1a: Swampert|Protect
|
|-weather|Sandstorm|[upkeep]
|-damage|p2a: Salamence|76/100|[from] Sandstorm
|-heal|p1a: Swampert|100/100|[from] item: Leftovers
|upkeep
|turn|18
|
|t:|1730170255
|move|p2a: Salamence|Hidden Power|p1a: Swampert
|-damage|p1a: Swampert|60/100
|move|p1a: Swampert|Ice Beam|p2a: Salamence
|-supereffective|p2a: Salamence
|-damage|p2a: Salamence|0 fnt
|faint|p2a: Salamence
|
|t:|1730170258
|switch|p2a: Dugtrio|Dugtrio, F|100/100
|
|-weather|Sandstorm|[upkeep]
|-heal|p1a: Swampert|67/100|[from] item: Leftovers
|upkeep
|turn|19
|
|t:|1730170260
|move|p1a: Swampert|Protect|p1a: Swampert
|-singleturn|p1a: Swampert|Protect
|move|p2a: Dugtrio|Earthquake|p1a: Swampert
|-activate|p1a: Swampert|Protect
|
|-weather|Sandstorm|[upkeep]
|-heal|p1a: Swampert|73/100|[from] item: Leftovers
|upkeep
|turn|20
|
|t:|1730170264
|move|p2a: Dugtrio|Earthquake|p1a: Swampert
|-damage|p1a: Swampert|38/100
|move|p1a: Swampert|Hydro Pump|p2a: Dugtrio
|-supereffective|p2a: Dugtrio
|-damage|p2a: Dugtrio|0 fnt
|faint|p2a: Dugtrio
|
|win|Alecss
|c|☆KingWafl|ggs!
|c|☆Alecss|ggs!
|c|☆Alecss|wp
|c|☆KingWafl|u2
|player|p2|

</script>
<script type="application/json" class="data" id="replaydata-smogtours-gen3ou-803222">
{"id":"smogtours-gen3ou-803222","format":"[Gen 3] OU","players":["Alecss","KingWafl"],"uploadtime":1730170264,"views":69,"formatid":"gen3ou","rating":null,"private":0,"password":null}
</script>

<script defer src="js/replays.js?9d40a366"></script>
