<!DOCTYPE html>
<meta charset="utf-8" />
<meta name="viewport" content="width=device-width" />

<title>[Gen 3] OU: Ghost Melone vs. kaboom64 - Replays - Pok&eacute;mon Showdown!</title>

<meta name="description" content="Watch a replay of a Pok&eacute;mon battle between Ghost Melone and kaboom64! Format: [Gen 3] OU; Date: Oct 27, 2024" />
<!--

Hey, you! Looking in the source for the replay log?

You can find them in JSON format, just add `.json` at the end of a replay URL.

https://replay.pokemonshowdown.com/gen7randomdoublesbattle-865046831.json

Or, if you only need the log itself, add `.log` instead:

https://replay.pokemonshowdown.com/gen7randomdoublesbattle-865046831.log

-->

<link rel="stylesheet" href="//pokemonshowdown.com/style/global.css?0.023195364461161105" />
<link rel="stylesheet" href="//play.pokemonshowdown.com/style/font-awesome.css?0.13261647063804238" />
<link rel="stylesheet" href="//play.pokemonshowdown.com/style/battle.css?0.8753245789963631" />
<link rel="stylesheet" href="//play.pokemonshowdown.com/style/utilichart.css?0.8627959624976733" />

<!-- Global site tag (gtag.js) - Google Analytics -->
<script async src="https://www.googletagmanager.com/gtag/js?id=UA-26211653-1"></script>
<script>
  window.dataLayer = window.dataLayer || [];
  function gtag(){dataLayer.push(arguments);}
  gtag('js', new Date());

  gtag('config', 'UA-26211653-1');
</script>
<!-- End Google Analytics -->
<!-- Venatus Ad Manager - Install in <HEAD> of page -->
	<script src="https://hb.vntsm.com/v3/live/ad-manager.min.js" type="text/javascript" data-site-id="642aba63ec9a7b11c3c9c1be" data-mode="scan" async></script>
<!-- / Venatus Ad Manager -->

<style>
	@media (max-width:820px) {
		.battle {
			margin: 0 auto;
		}
		.battle-log {
			margin: 7px auto 0;
			max-width: 640px;
			height: 300px;
			position: static;
		}
	}
	.optgroup {
		display: inline-block;
		line-height: 22px;
		font-size: 10pt;
	}
	.optgroup .button {
		height: 25px;
		padding-top: 0;
		padding-bottom: 0;
	}
	.optgroup button.button {
		padding-left: 12px;
		padding-right: 12px;
	}
	.linklist {
		list-style: none;
		margin: 0.5em 0;
		padding: 0;
	}
	.linklist li {
		padding: 2px 0;
	}
	.sidebar {
		float: left;
		width: 320px;
	}
	.bar-wrapper {
		max-width: 1100px;
		margin: 0 auto;
	}
	.bar-wrapper.has-sidebar {
		max-width: 1430px;
	}
	.mainbar {
		margin: 0;
		padding-right: 1px;
	}
	.mainbar.has-sidebar {
		margin-left: 330px;
	}
	@media (min-width: 1511px) {
		.sidebar {
			width: 400px;
		}
		.bar-wrapper.has-sidebar {
			max-width: 1510px;
		}
		.mainbar.has-sidebar {
			margin-left: 410px;
		}
	}
	.section.first-section {
		margin-top: 9px;
	}
	.blocklink small {
		white-space: normal;
	}
	.button {
		vertical-align: middle;
	}
	.replay-controls {
		padding-top: 10px;
	}
	.replay-controls h1 {
		font-size: 16pt;
		font-weight: normal;
		color: #CCC;
	}
	.pagelink {
		text-align: center;
	}
	.pagelink a {
		width: 150px;
	}
	.textbox, .button {
		font-size: 11pt;
		vertical-align: middle;
	}
	@media (max-width: 450px) {
		.button {
			font-size: 9pt;
		}
	}
</style>

<div>

	<header>
		<div class="nav-wrapper"><ul class="nav">
			<li><a class="button nav-first" href="//pokemonshowdown.com/"><img src="//pokemonshowdown.com/images/pokemonshowdownbeta.png" srcset="//pokemonshowdown.com/images/pokemonshowdownbeta.png 1x, //pokemonshowdown.com/images/pokemonshowdownbeta@2x.png 2x" alt="Pok&eacute;mon Showdown" width="146" height="44" /> Home</a></li>
			<li><a class="button" href="//pokemonshowdown.com/dex/">Pok&eacute;dex</a></li>
			<li><a class="button cur" href="/">Replays</a></li>
			<li><a class="button" href="//pokemonshowdown.com/ladder/">Ladder</a></li>
			<li><a class="button nav-last" href="//pokemonshowdown.com/forums/">Forum</a></li>
			<li><a class="button greenbutton nav-first nav-last" href="//play.pokemonshowdown.com/">Play</a></li>
		</ul></div>
	</header>

	<div class="main" id="main">

		<noscript><section class="section">You need to enable JavaScript to use this page; sorry!</section></noscript>

	</div>

</div>

<script defer nomodule src="//play.pokemonshowdown.com/js/lib/ps-polyfill.js"></script>
<script defer src="//play.pokemonshowdown.com/js/lib/preact.min.js"></script>

<script defer src="//play.pokemonshowdown.com/config/config.js?2bddbc15"></script>
<script defer src="//play.pokemonshowdown.com/js/lib/jquery-1.11.0.min.js"></script>
<script defer src="//play.pokemonshowdown.com/js/lib/html-sanitizer-minified.js"></script>
<script defer src="//play.pokemonshowdown.com/js/battle-sound.js"></script>
<script defer src="//play.pokemonshowdown.com/js/battledata.js?0.7209276989879541"></script>
<script defer src="//play.pokemonshowdown.com/data/pokedex-mini.js?0.6111056340867951"></script>
<script defer src="//play.pokemonshowdown.com/data/pokedex-mini-bw.js?0.3532142036491459"></script>
<script defer src="//play.pokemonshowdown.com/data/graphics.js?0.24223875632456182"></script>
<script defer src="//play.pokemonshowdown.com/data/pokedex.js?0.38839984266356864"></script>
<script defer src="//play.pokemonshowdown.com/data/moves.js?0.21866028504024015"></script>
<script defer src="//play.pokemonshowdown.com/data/abilities.js?0.2005157953846628"></script>
<script defer src="//play.pokemonshowdown.com/data/items.js?0.9894211263848525"></script>
<script defer src="//play.pokemonshowdown.com/data/teambuilder-tables.js?0.6008791140282215"></script>
<script defer src="//play.pokemonshowdown.com/js/battle-tooltips.js?0.7580118955022959"></script>
<script defer src="//play.pokemonshowdown.com/js/battle.js?0.6057722274234274"></script>

<script defer src="js/utils.js?e31f9a17"></script>
<script defer src="js/replays-battle.js?7008c182"></script>

<!-- don't scrape this data! just add .json or .log after the URL!
Full API docs: https://github.com/smogon/pokemon-showdown-client/blob/master/WEB-API.md -->
<script type="text/plain" class="log" id="replaylog-smogtours-gen3ou-802750">
|inactive|Battle timer is ON: inactive players will automatically lose when time's up.
|badge|p2|bronze|gen9lc|100-3
|uhtml|medal-msg|<div class="broadcast-blue">Curious what those medals under the avatar are? PS now has Ladder Seasons! For more information, check out the <a href="https://www.smogon.com/forums/threads/3740067/">thread on Smogon.<\/a><\/div>
|t:|1730063050
|gametype|singles
|player|p1|Ghost Melone|169|
|player|p2|kaboom64|#lcplxiiipipluppatrol|
|teamsize|p1|6
|teamsize|p2|6
|gen|3
|tier|[Gen 3] OU
|rule|Sleep Clause Mod: Limit one foe put to sleep
|rule|Switch Priority Clause Mod: Faster Pokémon switch first
|rule|Species Clause: Limit one of each Pokémon
|rule|OHKO Clause: OHKO moves are banned
|rule|Evasion Items Clause: Evasion items are banned
|rule|Evasion Moves Clause: Evasion moves are banned
|rule|Endless Battle Clause: Forcing endless battles is banned
|rule|HP Percentage Mod: HP is shown in percentages
|rule|One Boost Passer Clause: Limit one Baton Passer that has a way to boost its stats
|rule|Freeze Clause Mod: Limit one foe frozen
|
|t:|1730063050
|start
|switch|p1a: Medicham|Medicham, F|100/100
|switch|p2a: Salamence|Salamence, F|100/100
|-ability|p2a: Salamence|Intimidate|boost
|-unboost|p1a: Medicham|atk|1
|turn|1
|inactive|kaboom64 has 270 seconds left.
|c|☆Ghost Melone|hf
|c|☆kaboom64|u2
|
|t:|1730063101
|switch|p1a: Starmie|Starmie|100/100
|move|p2a: Salamence|Hidden Power|p1a: Starmie
|-crit|p1a: Starmie
|-damage|p1a: Starmie|0 fnt
|faint|p1a: Starmie
|
|t:|1730063115
|switch|p1a: Metagross|Metagross|100/100
|
|upkeep
|turn|2
|
|t:|1730063139
|switch|p2a: Magneton|Magneton|100/100
|move|p1a: Metagross|Earthquake|p2a: Magneton
|-supereffective|p2a: Magneton
|-damage|p2a: Magneton|0 fnt
|faint|p2a: Magneton
|
|t:|1730063154
|switch|p2a: Houndoom|Houndoom, F|100/100
|
|upkeep
|turn|3
|
|t:|1730063158
|move|p1a: Metagross|Protect|p1a: Metagross
|-singleturn|p1a: Metagross|Protect
|move|p2a: Houndoom|Fire Blast|p1a: Metagross
|-activate|p1a: Metagross|Protect
|
|upkeep
|turn|4
|
|t:|1730063163
|switch|p1a: Blissey|Blissey, F|100/100
|move|p2a: Houndoom|Fire Blast|p1a: Blissey
|-damage|p1a: Blissey|77/100
|
|-heal|p1a: Blissey|83/100|[from] item: Leftovers
|upkeep
|turn|5
|
|t:|1730063171
|switch|p2a: Snorlax|Snorlax, F|100/100
|move|p1a: Blissey|Seismic Toss|p2a: Snorlax
|-damage|p2a: Snorlax|79/100
|
|-heal|p1a: Blissey|89/100|[from] item: Leftovers
|-heal|p2a: Snorlax|85/100|[from] item: Leftovers
|upkeep
|turn|6
|
|t:|1730063189
|move|p1a: Blissey|Seismic Toss|p2a: Snorlax
|-damage|p2a: Snorlax|64/100
|move|p2a: Snorlax|Shadow Ball|p1a: Blissey
|-immune|p1a: Blissey
|
|-heal|p1a: Blissey|95/100|[from] item: Leftovers
|-heal|p2a: Snorlax|70/100|[from] item: Leftovers
|upkeep
|turn|7
|
|t:|1730063199
|switch|p1a: Metagross|Metagross|100/100
|move|p2a: Snorlax|Body Slam|p1a: Metagross
|-resisted|p1a: Metagross
|-damage|p1a: Metagross|85/100
|-status|p1a: Metagross|par
|
|-heal|p2a: Snorlax|76/100|[from] item: Leftovers
|-heal|p1a: Metagross|91/100 par|[from] item: Leftovers
|upkeep
|turn|8
|
|t:|1730063210
|move|p2a: Snorlax|Earthquake|p1a: Metagross
|-supereffective|p1a: Metagross
|-damage|p1a: Metagross|46/100 par
|move|p1a: Metagross|Earthquake|p2a: Snorlax
|-damage|p2a: Snorlax|44/100
|
|-heal|p2a: Snorlax|50/100|[from] item: Leftovers
|-heal|p1a: Metagross|52/100 par|[from] item: Leftovers
|upkeep
|turn|9
|
|t:|1730063218
|switch|p1a: Swampert|Swampert, M|100/100
|move|p2a: Snorlax|Earthquake|p1a: Swampert
|-damage|p1a: Swampert|78/100
|
|-heal|p1a: Swampert|84/100|[from] item: Leftovers
|-heal|p2a: Snorlax|56/100|[from] item: Leftovers
|upkeep
|turn|10
|
|t:|1730063231
|switch|p2a: Breloom|Breloom, F|100/100
|move|p1a: Swampert|Protect||[still]
|-fail|p1a: Swampert
|
|-heal|p1a: Swampert|90/100|[from] item: Leftovers
|upkeep
|turn|11
|
|t:|1730063240
|move|p1a: Swampert|Protect|p1a: Swampert
|-singleturn|p1a: Swampert|Protect
|move|p2a: Breloom|Spore|p1a: Swampert
|-activate|p1a: Swampert|Protect
|
|-heal|p1a: Swampert|97/100|[from] item: Leftovers
|upkeep
|turn|12
|inactive|kaboom64 has 270 seconds left.
|
|t:|1730063284
|switch|p1a: Metagross|Metagross|52/100 par
|move|p2a: Breloom|Swords Dance|p2a: Breloom
|-boost|p2a: Breloom|atk|2
|
|-heal|p1a: Metagross|58/100 par|[from] item: Leftovers
|upkeep
|turn|13
|
|t:|1730063305
|move|p2a: Breloom|Swords Dance|p2a: Breloom
|-boost|p2a: Breloom|atk|2
|cant|p1a: Metagross|par
|
|-heal|p1a: Metagross|64/100 par|[from] item: Leftovers
|upkeep
|turn|14
|
|t:|1730063306
|move|p2a: Breloom|Sky Uppercut|p1a: Metagross
|-damage|p1a: Metagross|0 fnt
|faint|p1a: Metagross
|
|t:|1730063308
|switch|p1a: Aerodactyl|Aerodactyl, F|100/100
|
|upkeep
|turn|15
|inactive|kaboom64 has 270 seconds left.
|
|t:|1730063329
|move|p2a: Breloom|Mach Punch|p1a: Aerodactyl
|-damage|p1a: Aerodactyl|0 fnt
|faint|p1a: Aerodactyl
|
|t:|1730063332
|switch|p1a: Medicham|Medicham, F|100/100
|
|upkeep
|turn|16
|
|t:|1730063336
|move|p2a: Breloom|Sky Uppercut|p1a: Medicham
|-resisted|p1a: Medicham
|-damage|p1a: Medicham|0 fnt
|faint|p1a: Medicham
|
|t:|1730063339
|switch|p1a: Swampert|Swampert, M|97/100
|
|-heal|p1a: Swampert|100/100|[from] item: Leftovers
|upkeep
|turn|17
|
|t:|1730063342
|move|p2a: Breloom|Spore|p1a: Swampert
|-status|p1a: Swampert|slp|[from] move: Spore
|cant|p1a: Swampert|slp
|
|upkeep
|turn|18
|
|t:|1730063346
|move|p2a: Breloom|Swords Dance|p2a: Breloom
|-boost|p2a: Breloom|atk|2
|-curestatus|p1a: Swampert|slp|[msg]
|move|p1a: Swampert|Ice Beam|p2a: Breloom
|-supereffective|p2a: Breloom
|-crit|p2a: Breloom
|-damage|p2a: Breloom|0 fnt
|faint|p2a: Breloom
|
|t:|1730063374
|switch|p2a: Houndoom|Houndoom, F|100/100
|
|upkeep
|turn|19
|
|t:|1730063380
|move|p1a: Swampert|Protect|p1a: Swampert
|-singleturn|p1a: Swampert|Protect
|move|p2a: Houndoom|Hidden Power|p1a: Swampert
|-activate|p1a: Swampert|Protect
|
|upkeep
|turn|20
|
|t:|1730063391
|switch|p2a: Snorlax|Snorlax, F|56/100
|move|p1a: Swampert|Earthquake|p2a: Snorlax
|-damage|p2a: Snorlax|25/100
|
|-heal|p2a: Snorlax|32/100|[from] item: Leftovers
|upkeep
|turn|21
|
|t:|1730063401
|switch|p2a: Salamence|Salamence, F|100/100
|-ability|p2a: Salamence|Intimidate|boost
|-unboost|p1a: Swampert|atk|1
|move|p1a: Swampert|Ice Beam|p2a: Salamence
|-supereffective|p2a: Salamence
|-damage|p2a: Salamence|12/100
|
|upkeep
|turn|22
|
|t:|1730063409
|move|p1a: Swampert|Protect|p1a: Swampert
|-singleturn|p1a: Swampert|Protect
|move|p2a: Salamence|Earthquake|p1a: Swampert
|-activate|p1a: Swampert|Protect
|
|upkeep
|turn|23
|
|t:|1730063411
|switch|p1a: Blissey|Blissey, F|95/100
|move|p2a: Salamence|Earthquake|p1a: Blissey
|-damage|p1a: Blissey|39/100
|
|-heal|p1a: Blissey|45/100|[from] item: Leftovers
|upkeep
|turn|24
|
|t:|1730063428
|switch|p1a: Swampert|Swampert, M|100/100
|move|p2a: Salamence|Earthquake|p1a: Swampert
|-damage|p1a: Swampert|63/100
|
|-heal|p1a: Swampert|69/100|[from] item: Leftovers
|upkeep
|turn|25
|
|t:|1730063443
|switch|p2a: Houndoom|Houndoom, F|100/100
|move|p1a: Swampert|Hydro Pump|p2a: Houndoom
|-supereffective|p2a: Houndoom
|-crit|p2a: Houndoom
|-damage|p2a: Houndoom|0 fnt
|faint|p2a: Houndoom
|
|t:|1730063454
|switch|p2a: Snorlax|Snorlax, F|32/100
|
|-heal|p1a: Swampert|76/100|[from] item: Leftovers
|-heal|p2a: Snorlax|38/100|[from] item: Leftovers
|upkeep
|turn|26
|
|t:|1730063459
|move|p1a: Swampert|Protect|p1a: Swampert
|-singleturn|p1a: Swampert|Protect
|move|p2a: Snorlax|Body Slam|p1a: Swampert
|-activate|p1a: Swampert|Protect
|
|-heal|p1a: Swampert|82/100|[from] item: Leftovers
|-heal|p2a: Snorlax|44/100|[from] item: Leftovers
|upkeep
|turn|27
|
|t:|1730063480
|switch|p1a: Blissey|Blissey, F|45/100
|move|p2a: Snorlax|Body Slam|p1a: Blissey
|-damage|p1a: Blissey|0 fnt
|faint|p1a: Blissey
|
|t:|1730063482
|switch|p1a: Swampert|Swampert, M|82/100
|
|-heal|p1a: Swampert|88/100|[from] item: Leftovers
|-heal|p2a: Snorlax|50/100|[from] item: Leftovers
|upkeep
|turn|28
|
|t:|1730063489
|move|p1a: Swampert|Earthquake|p2a: Snorlax
|-damage|p2a: Snorlax|19/100
|move|p2a: Snorlax|Self-Destruct|p1a: Swampert
|-damage|p1a: Swampert|0 fnt
|faint|p2a: Snorlax
|faint|p1a: Swampert
|
|win|kaboom64
|c|☆Ghost Melone|g
|c|☆Ghost Melone|gg
|player|p1|
|c|☆kaboom64|gg
|c|☆kaboom64|/log kaboom64 made the replay of this battle unlisted.

</script>
<script type="application/json" class="data" id="replaydata-smogtours-gen3ou-802750">
{"id":"smogtours-gen3ou-802750","format":"[Gen 3] OU","players":["Ghost Melone","kaboom64"],"uploadtime":1730063489,"views":54,"formatid":"gen3ou","rating":null,"private":1,"password":null}
</script>

<script defer src="js/replays.js?9d40a366"></script>
