<!DOCTYPE html>
<meta charset="utf-8" />
<meta name="viewport" content="width=device-width" />

<title>[Gen 3] OU: beignet2 vs. RevivalTyp - Replays - Pok&eacute;mon Showdown!</title>

<meta name="description" content="Watch a replay of a Pok&eacute;mon battle between beignet2 and RevivalTyp! Format: [Gen 3] OU; Date: Oct 18, 2024" />
<!--

Hey, you! Looking in the source for the replay log?

You can find them in JSON format, just add `.json` at the end of a replay URL.

https://replay.pokemonshowdown.com/gen7randomdoublesbattle-865046831.json

Or, if you only need the log itself, add `.log` instead:

https://replay.pokemonshowdown.com/gen7randomdoublesbattle-865046831.log

-->

<link rel="stylesheet" href="//pokemonshowdown.com/style/global.css?0.767286132409787" />
<link rel="stylesheet" href="//play.pokemonshowdown.com/style/font-awesome.css?0.9266228007934947" />
<link rel="stylesheet" href="//play.pokemonshowdown.com/style/battle.css?0.7924700842790926" />
<link rel="stylesheet" href="//play.pokemonshowdown.com/style/utilichart.css?0.8777417872839479" />

<!-- Global site tag (gtag.js) - Google Analytics -->
<script async src="https://www.googletagmanager.com/gtag/js?id=UA-26211653-1"></script>
<script>
  window.dataLayer = window.dataLayer || [];
  function gtag(){dataLayer.push(arguments);}
  gtag('js', new Date());

  gtag('config', 'UA-26211653-1');
</script>
<!-- End Google Analytics -->
<!-- Venatus Ad Manager - Install in <HEAD> of page -->
	<script src="https://hb.vntsm.com/v3/live/ad-manager.min.js" type="text/javascript" data-site-id="642aba63ec9a7b11c3c9c1be" data-mode="scan" async></script>
<!-- / Venatus Ad Manager -->

<style>
	@media (max-width:820px) {
		.battle {
			margin: 0 auto;
		}
		.battle-log {
			margin: 7px auto 0;
			max-width: 640px;
			height: 300px;
			position: static;
		}
	}
	.optgroup {
		display: inline-block;
		line-height: 22px;
		font-size: 10pt;
	}
	.optgroup .button {
		height: 25px;
		padding-top: 0;
		padding-bottom: 0;
	}
	.optgroup button.button {
		padding-left: 12px;
		padding-right: 12px;
	}
	.linklist {
		list-style: none;
		margin: 0.5em 0;
		padding: 0;
	}
	.linklist li {
		padding: 2px 0;
	}
	.sidebar {
		float: left;
		width: 320px;
	}
	.bar-wrapper {
		max-width: 1100px;
		margin: 0 auto;
	}
	.bar-wrapper.has-sidebar {
		max-width: 1430px;
	}
	.mainbar {
		margin: 0;
		padding-right: 1px;
	}
	.mainbar.has-sidebar {
		margin-left: 330px;
	}
	@media (min-width: 1511px) {
		.sidebar {
			width: 400px;
		}
		.bar-wrapper.has-sidebar {
			max-width: 1510px;
		}
		.mainbar.has-sidebar {
			margin-left: 410px;
		}
	}
	.section.first-section {
		margin-top: 9px;
	}
	.blocklink small {
		white-space: normal;
	}
	.button {
		vertical-align: middle;
	}
	.replay-controls {
		padding-top: 10px;
	}
	.replay-controls h1 {
		font-size: 16pt;
		font-weight: normal;
		color: #CCC;
	}
	.pagelink {
		text-align: center;
	}
	.pagelink a {
		width: 150px;
	}
	.textbox, .button {
		font-size: 11pt;
		vertical-align: middle;
	}
	@media (max-width: 450px) {
		.button {
			font-size: 9pt;
		}
	}
</style>

<div>

	<header>
		<div class="nav-wrapper"><ul class="nav">
			<li><a class="button nav-first" href="//pokemonshowdown.com/"><img src="//pokemonshowdown.com/images/pokemonshowdownbeta.png" srcset="//pokemonshowdown.com/images/pokemonshowdownbeta.png 1x, //pokemonshowdown.com/images/pokemonshowdownbeta@2x.png 2x" alt="Pok&eacute;mon Showdown" width="146" height="44" /> Home</a></li>
			<li><a class="button" href="//pokemonshowdown.com/dex/">Pok&eacute;dex</a></li>
			<li><a class="button cur" href="/">Replays</a></li>
			<li><a class="button" href="//pokemonshowdown.com/ladder/">Ladder</a></li>
			<li><a class="button nav-last" href="//pokemonshowdown.com/forums/">Forum</a></li>
			<li><a class="button greenbutton nav-first nav-last" href="//play.pokemonshowdown.com/">Play</a></li>
		</ul></div>
	</header>

	<div class="main" id="main">

		<noscript><section class="section">You need to enable JavaScript to use this page; sorry!</section></noscript>

	</div>

</div>

<script defer nomodule src="//play.pokemonshowdown.com/js/lib/ps-polyfill.js"></script>
<script defer src="//play.pokemonshowdown.com/js/lib/preact.min.js"></script>

<script defer src="//play.pokemonshowdown.com/config/config.js?6dec07f6"></script>
<script defer src="//play.pokemonshowdown.com/js/lib/jquery-1.11.0.min.js"></script>
<script defer src="//play.pokemonshowdown.com/js/lib/html-sanitizer-minified.js"></script>
<script defer src="//play.pokemonshowdown.com/js/battle-sound.js"></script>
<script defer src="//play.pokemonshowdown.com/js/battledata.js?0.6315294753075389"></script>
<script defer src="//play.pokemonshowdown.com/data/pokedex-mini.js?0.7603743185311358"></script>
<script defer src="//play.pokemonshowdown.com/data/pokedex-mini-bw.js?0.030888842834281283"></script>
<script defer src="//play.pokemonshowdown.com/data/graphics.js?0.05593094747507488"></script>
<script defer src="//play.pokemonshowdown.com/data/pokedex.js?0.47064822249611904"></script>
<script defer src="//play.pokemonshowdown.com/data/moves.js?0.8583693120512459"></script>
<script defer src="//play.pokemonshowdown.com/data/abilities.js?0.16017181182386842"></script>
<script defer src="//play.pokemonshowdown.com/data/items.js?0.4163379185673943"></script>
<script defer src="//play.pokemonshowdown.com/data/teambuilder-tables.js?0.31075597372830477"></script>
<script defer src="//play.pokemonshowdown.com/js/battle-tooltips.js?0.6536193500708172"></script>
<script defer src="//play.pokemonshowdown.com/js/battle.js?0.1916591943277901"></script>

<script defer src="js/utils.js?e31f9a17"></script>
<script defer src="js/replays-battle.js?7008c182"></script>

<!-- don't scrape this data! just add .json or .log after the URL!
Full API docs: https://github.com/smogon/pokemon-showdown-client/blob/master/WEB-API.md -->
<script type="text/plain" class="log" id="replaylog-smogtours-gen3ou-799506">
|inactive|Battle timer is ON: inactive players will automatically lose when time's up.
|t:|1729260552
|gametype|singles
|player|p1|beignet2|blue-gen3two|
|player|p2|RevivalTyp|102|
|teamsize|p1|6
|teamsize|p2|6
|gen|3
|tier|[Gen 3] OU
|rule|Sleep Clause Mod: Limit one foe put to sleep
|rule|Switch Priority Clause Mod: Faster Pokémon switch first
|rule|Species Clause: Limit one of each Pokémon
|rule|OHKO Clause: OHKO moves are banned
|rule|Evasion Items Clause: Evasion items are banned
|rule|Evasion Moves Clause: Evasion moves are banned
|rule|Endless Battle Clause: Forcing endless battles is banned
|rule|HP Percentage Mod: HP is shown in percentages
|rule|One Boost Passer Clause: Limit one Baton Passer that has a way to boost its stats
|rule|Freeze Clause Mod: Limit one foe frozen
|
|t:|1729260552
|start
|switch|p1a: The Protagonist|Tyranitar, F|100/100
|switch|p2a: Glalie|Glalie, M|100/100
|-weather|Sandstorm|[from] ability: Sand Stream|[of] p1a: The Protagonist
|turn|1
|
|t:|1729260560
|move|p2a: Glalie|Spikes|p1a: The Protagonist
|-sidestart|p1: beignet2|Spikes
|move|p1a: The Protagonist|Rock Slide|p2a: Glalie
|-supereffective|p2a: Glalie
|-damage|p2a: Glalie|6/100
|
|-weather|Sandstorm|[upkeep]
|-damage|p2a: Glalie|0 fnt|[from] Sandstorm
|faint|p2a: Glalie
|upkeep
|
|t:|1729260575
|switch|p2a: Smeargle|Smeargle, F|100/100
|turn|2
|
|t:|1729260580
|move|p2a: Smeargle|Spore|p1a: The Protagonist
|-status|p1a: The Protagonist|slp|[from] move: Spore
|cant|p1a: The Protagonist|slp
|
|-weather|Sandstorm|[upkeep]
|-damage|p2a: Smeargle|94/100|[from] Sandstorm
|-heal|p2a: Smeargle|100/100|[from] item: Leftovers
|upkeep
|turn|3
|
|t:|1729260588
|switch|p1a: Harmory|Skarmory, M|100/100
|move|p2a: Smeargle|Substitute|p2a: Smeargle
|-start|p2a: Smeargle|Substitute
|-damage|p2a: Smeargle|76/100
|
|-weather|Sandstorm|[upkeep]
|-damage|p2a: Smeargle|70/100|[from] Sandstorm
|-heal|p2a: Smeargle|76/100|[from] item: Leftovers
|upkeep
|turn|4
|
|t:|1729260599
|move|p2a: Smeargle|Baton Pass|p2a: Smeargle
|
|t:|1729260602
|switch|p2a: Magneton|Magneton|100/100|[from] Baton Pass
|move|p1a: Harmory|Roar|p2a: Magneton
|drag|p2a: Metagross|Metagross|100/100
|
|-weather|Sandstorm|[upkeep]
|upkeep
|turn|5
|
|t:|1729260612
|move|p2a: Metagross|Meteor Mash|p1a: Harmory
|-resisted|p1a: Harmory
|-damage|p1a: Harmory|78/100
|move|p1a: Harmory|Spikes|p2a: Metagross
|-sidestart|p2: RevivalTyp|Spikes
|
|-weather|Sandstorm|[upkeep]
|-heal|p1a: Harmory|84/100|[from] item: Leftovers
|upkeep
|turn|6
|
|t:|1729260623
|move|p2a: Metagross|Meteor Mash|p1a: Harmory
|-resisted|p1a: Harmory
|-damage|p1a: Harmory|61/100
|move|p1a: Harmory|Roar|p2a: Metagross
|drag|p2a: Aerodactyl|Aerodactyl, M|100/100
|
|-weather|Sandstorm|[upkeep]
|-heal|p1a: Harmory|67/100|[from] item: Leftovers
|upkeep
|turn|7
|
|t:|1729260633
|switch|p2a: Magneton|Magneton|100/100
|-damage|p2a: Magneton|88/100|[from] Spikes
|switch|p1a: Favorite Record|Claydol|100/100
|
|-weather|Sandstorm|[upkeep]
|upkeep
|turn|8
|
|t:|1729260649
|switch|p2a: Celebi|Celebi|100/100
|-damage|p2a: Celebi|88/100|[from] Spikes
|move|p1a: Favorite Record|Earthquake|p2a: Celebi
|-resisted|p2a: Celebi
|-damage|p2a: Celebi|73/100
|
|-weather|Sandstorm|[upkeep]
|-damage|p2a: Celebi|67/100|[from] Sandstorm
|-heal|p2a: Celebi|73/100|[from] item: Leftovers
|upkeep
|turn|9
|
|t:|1729260661
|switch|p1a: Raw Onion|Celebi|100/100
|-damage|p1a: Raw Onion|88/100|[from] Spikes
|move|p2a: Celebi|Leech Seed|p1a: Raw Onion
|-immune|p1a: Raw Onion
|
|-weather|Sandstorm|[upkeep]
|-damage|p2a: Celebi|67/100|[from] Sandstorm
|-damage|p1a: Raw Onion|82/100|[from] Sandstorm
|-heal|p2a: Celebi|73/100|[from] item: Leftovers
|-heal|p1a: Raw Onion|88/100|[from] item: Leftovers
|upkeep
|turn|10
|
|t:|1729260683
|move|p2a: Celebi|Substitute|p2a: Celebi
|-start|p2a: Celebi|Substitute
|-damage|p2a: Celebi|48/100
|move|p1a: Raw Onion|Swords Dance|p1a: Raw Onion
|-boost|p1a: Raw Onion|atk|2
|
|-weather|Sandstorm|[upkeep]
|-damage|p2a: Celebi|42/100|[from] Sandstorm
|-damage|p1a: Raw Onion|82/100|[from] Sandstorm
|-heal|p2a: Celebi|48/100|[from] item: Leftovers
|-heal|p1a: Raw Onion|88/100|[from] item: Leftovers
|upkeep
|turn|11
|
|t:|1729260696
|move|p2a: Celebi|Baton Pass|p2a: Celebi
|
|t:|1729260698
|switch|p2a: Metagross|Metagross|100/100|[from] Baton Pass
|-damage|p2a: Metagross|88/100|[from] Spikes
|move|p1a: Raw Onion|Baton Pass|p1a: Raw Onion
|
|t:|1729260706
|switch|p1a: Favorite Record|Claydol|100/100|[from] Baton Pass
|
|-weather|Sandstorm|[upkeep]
|upkeep
|turn|12
|
|t:|1729260712
|move|p2a: Metagross|Meteor Mash|p1a: Favorite Record|[miss]
|-miss|p2a: Metagross|p1a: Favorite Record
|move|p1a: Favorite Record|Earthquake|p2a: Metagross
|-supereffective|p2a: Metagross
|-end|p2a: Metagross|Substitute
|
|-weather|Sandstorm|[upkeep]
|upkeep
|turn|13
|inactive|RevivalTyp has 270 seconds left.
|
|t:|1729260744
|switch|p2a: Aerodactyl|Aerodactyl, M|100/100
|move|p1a: Favorite Record|Shadow Ball|p2a: Aerodactyl
|-damage|p2a: Aerodactyl|30/100
|
|-weather|Sandstorm|[upkeep]
|upkeep
|turn|14
|inactive|RevivalTyp has 270 seconds left.
|
|t:|1729260774
|move|p2a: Aerodactyl|Double-Edge|p1a: Favorite Record
|-damage|p1a: Favorite Record|59/100
|move|p1a: Favorite Record|Shadow Ball|p2a: Aerodactyl
|-crit|p2a: Aerodactyl
|-damage|p2a: Aerodactyl|0 fnt
|faint|p2a: Aerodactyl
|inactive|RevivalTyp has 240 seconds left.
|
|t:|1729260798
|switch|p2a: Celebi|Celebi|48/100
|-damage|p2a: Celebi|36/100|[from] Spikes
|
|-weather|Sandstorm|[upkeep]
|-damage|p2a: Celebi|30/100|[from] Sandstorm
|-heal|p2a: Celebi|36/100|[from] item: Leftovers
|-heal|p1a: Favorite Record|66/100|[from] item: Leftovers
|upkeep
|turn|15
|inactive|RevivalTyp has 240 seconds left.
|
|t:|1729260810
|move|p2a: Celebi|Leech Seed|p1a: Favorite Record
|-start|p1a: Favorite Record|move: Leech Seed
|move|p1a: Favorite Record|Shadow Ball|p2a: Celebi
|-supereffective|p2a: Celebi
|-damage|p2a: Celebi|0 fnt
|faint|p2a: Celebi
|
|t:|1729260819
|switch|p2a: Smeargle|Smeargle, F|76/100
|-damage|p2a: Smeargle|63/100|[from] Spikes
|
|-weather|Sandstorm|[upkeep]
|-damage|p2a: Smeargle|57/100|[from] Sandstorm
|-heal|p2a: Smeargle|63/100|[from] item: Leftovers
|-heal|p1a: Favorite Record|72/100|[from] item: Leftovers
|-damage|p1a: Favorite Record|59/100|[from] Leech Seed|[of] p2a: Smeargle
|-heal|p2a: Smeargle|78/100|[silent]
|upkeep
|turn|16
|inactive|RevivalTyp has 240 seconds left.
|
|t:|1729260829
|move|p2a: Smeargle|Substitute|p2a: Smeargle
|-start|p2a: Smeargle|Substitute
|-damage|p2a: Smeargle|53/100
|move|p1a: Favorite Record|Rapid Spin|p2a: Smeargle
|-activate|p2a: Smeargle|Substitute|[damage]
|-end|p1a: Favorite Record|Leech Seed|[from] move: Rapid Spin|[of] p1a: Favorite Record
|-sideend|p1: beignet2|Spikes|[from] move: Rapid Spin|[of] p1a: Favorite Record
|
|-weather|Sandstorm|[upkeep]
|-damage|p2a: Smeargle|47/100|[from] Sandstorm
|-heal|p2a: Smeargle|53/100|[from] item: Leftovers
|-heal|p1a: Favorite Record|66/100|[from] item: Leftovers
|upkeep
|turn|17
|inactive|RevivalTyp has 240 seconds left.
|
|t:|1729260850
|move|p2a: Smeargle|Baton Pass|p2a: Smeargle
|
|t:|1729260853
|switch|p2a: Metagross|Metagross|88/100|[from] Baton Pass
|-damage|p2a: Metagross|76/100|[from] Spikes
|move|p1a: Favorite Record|Earthquake|p2a: Metagross
|-supereffective|p2a: Metagross
|-end|p2a: Metagross|Substitute
|
|-weather|Sandstorm|[upkeep]
|-heal|p1a: Favorite Record|72/100|[from] item: Leftovers
|upkeep
|turn|18
|inactive|RevivalTyp has 240 seconds left.
|
|t:|1729260863
|move|p2a: Metagross|Meteor Mash|p1a: Favorite Record
|-damage|p1a: Favorite Record|12/100
|move|p1a: Favorite Record|Earthquake|p2a: Metagross
|-supereffective|p2a: Metagross
|-damage|p2a: Metagross|0 fnt
|faint|p2a: Metagross
|inactive|RevivalTyp has 240 seconds left.
|c|☆RevivalTyp|gg
|-message|RevivalTyp forfeited.
|
|win|beignet2
|player|p2|
|c|☆beignet2|gg

</script>
<script type="application/json" class="data" id="replaydata-smogtours-gen3ou-799506">
{"id":"smogtours-gen3ou-799506","format":"[Gen 3] OU","players":["beignet2","RevivalTyp"],"uploadtime":1729260882,"views":110,"formatid":"gen3ou","rating":null,"private":0,"password":null}
</script>

<script defer src="js/replays.js?9d40a366"></script>
