<!DOCTYPE html>
<meta charset="utf-8" />
<meta name="viewport" content="width=device-width" />

<title>[Gen 3] OU: Ragnarocco24 vs. coffeepour - Replays - Pok&eacute;mon Showdown!</title>

<meta name="description" content="Watch a replay of a Pok&eacute;mon battle between Ragnarocco24 and coffeepour! Format: [Gen 3] OU; Date: Oct 9, 2024" />
<!--

Hey, you! Looking in the source for the replay log?

You can find them in JSON format, just add `.json` at the end of a replay URL.

https://replay.pokemonshowdown.com/gen7randomdoublesbattle-865046831.json

Or, if you only need the log itself, add `.log` instead:

https://replay.pokemonshowdown.com/gen7randomdoublesbattle-865046831.log

-->

<link rel="stylesheet" href="//pokemonshowdown.com/style/global.css?0.023195364461161105" />
<link rel="stylesheet" href="//play.pokemonshowdown.com/style/font-awesome.css?0.13261647063804238" />
<link rel="stylesheet" href="//play.pokemonshowdown.com/style/battle.css?0.8753245789963631" />
<link rel="stylesheet" href="//play.pokemonshowdown.com/style/utilichart.css?0.8627959624976733" />

<!-- Global site tag (gtag.js) - Google Analytics -->
<script async src="https://www.googletagmanager.com/gtag/js?id=UA-26211653-1"></script>
<script>
  window.dataLayer = window.dataLayer || [];
  function gtag(){dataLayer.push(arguments);}
  gtag('js', new Date());

  gtag('config', 'UA-26211653-1');
</script>
<!-- End Google Analytics -->
<!-- Venatus Ad Manager - Install in <HEAD> of page -->
	<script src="https://hb.vntsm.com/v3/live/ad-manager.min.js" type="text/javascript" data-site-id="642aba63ec9a7b11c3c9c1be" data-mode="scan" async></script>
<!-- / Venatus Ad Manager -->

<style>
	@media (max-width:820px) {
		.battle {
			margin: 0 auto;
		}
		.battle-log {
			margin: 7px auto 0;
			max-width: 640px;
			height: 300px;
			position: static;
		}
	}
	.optgroup {
		display: inline-block;
		line-height: 22px;
		font-size: 10pt;
	}
	.optgroup .button {
		height: 25px;
		padding-top: 0;
		padding-bottom: 0;
	}
	.optgroup button.button {
		padding-left: 12px;
		padding-right: 12px;
	}
	.linklist {
		list-style: none;
		margin: 0.5em 0;
		padding: 0;
	}
	.linklist li {
		padding: 2px 0;
	}
	.sidebar {
		float: left;
		width: 320px;
	}
	.bar-wrapper {
		max-width: 1100px;
		margin: 0 auto;
	}
	.bar-wrapper.has-sidebar {
		max-width: 1430px;
	}
	.mainbar {
		margin: 0;
		padding-right: 1px;
	}
	.mainbar.has-sidebar {
		margin-left: 330px;
	}
	@media (min-width: 1511px) {
		.sidebar {
			width: 400px;
		}
		.bar-wrapper.has-sidebar {
			max-width: 1510px;
		}
		.mainbar.has-sidebar {
			margin-left: 410px;
		}
	}
	.section.first-section {
		margin-top: 9px;
	}
	.blocklink small {
		white-space: normal;
	}
	.button {
		vertical-align: middle;
	}
	.replay-controls {
		padding-top: 10px;
	}
	.replay-controls h1 {
		font-size: 16pt;
		font-weight: normal;
		color: #CCC;
	}
	.pagelink {
		text-align: center;
	}
	.pagelink a {
		width: 150px;
	}
	.textbox, .button {
		font-size: 11pt;
		vertical-align: middle;
	}
	@media (max-width: 450px) {
		.button {
			font-size: 9pt;
		}
	}
</style>

<div>

	<header>
		<div class="nav-wrapper"><ul class="nav">
			<li><a class="button nav-first" href="//pokemonshowdown.com/"><img src="//pokemonshowdown.com/images/pokemonshowdownbeta.png" srcset="//pokemonshowdown.com/images/pokemonshowdownbeta.png 1x, //pokemonshowdown.com/images/pokemonshowdownbeta@2x.png 2x" alt="Pok&eacute;mon Showdown" width="146" height="44" /> Home</a></li>
			<li><a class="button" href="//pokemonshowdown.com/dex/">Pok&eacute;dex</a></li>
			<li><a class="button cur" href="/">Replays</a></li>
			<li><a class="button" href="//pokemonshowdown.com/ladder/">Ladder</a></li>
			<li><a class="button nav-last" href="//pokemonshowdown.com/forums/">Forum</a></li>
			<li><a class="button greenbutton nav-first nav-last" href="//play.pokemonshowdown.com/">Play</a></li>
		</ul></div>
	</header>

	<div class="main" id="main">

		<noscript><section class="section">You need to enable JavaScript to use this page; sorry!</section></noscript>

	</div>

</div>

<script defer nomodule src="//play.pokemonshowdown.com/js/lib/ps-polyfill.js"></script>
<script defer src="//play.pokemonshowdown.com/js/lib/preact.min.js"></script>

<script defer src="//play.pokemonshowdown.com/config/config.js?2bddbc15"></script>
<script defer src="//play.pokemonshowdown.com/js/lib/jquery-1.11.0.min.js"></script>
<script defer src="//play.pokemonshowdown.com/js/lib/html-sanitizer-minified.js"></script>
<script defer src="//play.pokemonshowdown.com/js/battle-sound.js"></script>
<script defer src="//play.pokemonshowdown.com/js/battledata.js?0.7209276989879541"></script>
<script defer src="//play.pokemonshowdown.com/data/pokedex-mini.js?0.6111056340867951"></script>
<script defer src="//play.pokemonshowdown.com/data/pokedex-mini-bw.js?0.3532142036491459"></script>
<script defer src="//play.pokemonshowdown.com/data/graphics.js?0.24223875632456182"></script>
<script defer src="//play.pokemonshowdown.com/data/pokedex.js?0.38839984266356864"></script>
<script defer src="//play.pokemonshowdown.com/data/moves.js?0.21866028504024015"></script>
<script defer src="//play.pokemonshowdown.com/data/abilities.js?0.2005157953846628"></script>
<script defer src="//play.pokemonshowdown.com/data/items.js?0.9894211263848525"></script>
<script defer src="//play.pokemonshowdown.com/data/teambuilder-tables.js?0.6008791140282215"></script>
<script defer src="//play.pokemonshowdown.com/js/battle-tooltips.js?0.7580118955022959"></script>
<script defer src="//play.pokemonshowdown.com/js/battle.js?0.6057722274234274"></script>

<script defer src="js/utils.js?e31f9a17"></script>
<script defer src="js/replays-battle.js?7008c182"></script>

<!-- don't scrape this data! just add .json or .log after the URL!
Full API docs: https://github.com/smogon/pokemon-showdown-client/blob/master/WEB-API.md -->
<script type="text/plain" class="log" id="replaylog-smogtours-gen3ou-796593">
|inactive|Battle timer is ON: inactive players will automatically lose when time's up.
|t:|1728450664
|gametype|singles
|player|p1|Ragnarocco24|2|
|player|p2|coffeepour|266|
|teamsize|p1|6
|teamsize|p2|6
|gen|3
|tier|[Gen 3] OU
|rule|Sleep Clause Mod: Limit one foe put to sleep
|rule|Switch Priority Clause Mod: Faster Pokémon switch first
|rule|Species Clause: Limit one of each Pokémon
|rule|OHKO Clause: OHKO moves are banned
|rule|Evasion Items Clause: Evasion items are banned
|rule|Evasion Moves Clause: Evasion moves are banned
|rule|Endless Battle Clause: Forcing endless battles is banned
|rule|HP Percentage Mod: HP is shown in percentages
|rule|One Boost Passer Clause: Limit one Baton Passer that has a way to boost its stats
|rule|Freeze Clause Mod: Limit one foe frozen
|
|t:|1728450664
|start
|switch|p1a: Zapdos|Zapdos|100/100
|switch|p2a: Zapdos|Zapdos|100/100
|turn|1
|
|t:|1728450685
|move|p1a: Zapdos|Thunderbolt|p2a: Zapdos
|-damage|p2a: Zapdos|56/100
|move|p2a: Zapdos|Thunderbolt|p1a: Zapdos
|-damage|p1a: Zapdos|46/100
|
|-heal|p1a: Zapdos|52/100|[from] item: Leftovers
|-heal|p2a: Zapdos|62/100|[from] item: Leftovers
|upkeep
|turn|2
|
|t:|1728450692
|switch|p1a: Swampert|Swampert, M|100/100
|move|p2a: Zapdos|Thunderbolt|p1a: Swampert
|-immune|p1a: Swampert
|
|-heal|p2a: Zapdos|68/100|[from] item: Leftovers
|upkeep
|turn|3
|
|t:|1728450721
|switch|p1a: Zapdos|Zapdos|52/100
|move|p2a: Zapdos|Protect||[still]
|-fail|p2a: Zapdos
|
|-heal|p1a: Zapdos|59/100|[from] item: Leftovers
|-heal|p2a: Zapdos|74/100|[from] item: Leftovers
|upkeep
|turn|4
|
|t:|1728450726
|move|p1a: Zapdos|Thunderbolt|p2a: Zapdos
|-damage|p2a: Zapdos|23/100
|move|p2a: Zapdos|Thunderbolt|p1a: Zapdos
|-damage|p1a: Zapdos|0 fnt
|faint|p1a: Zapdos
|
|t:|1728450738
|switch|p1a: Gengar|Gengar, F|100/100
|
|-heal|p2a: Zapdos|29/100|[from] item: Leftovers
|upkeep
|turn|5
|
|t:|1728450742
|move|p2a: Zapdos|Protect|p2a: Zapdos
|-singleturn|p2a: Zapdos|Protect
|move|p1a: Gengar|Ice Punch|p2a: Zapdos
|-activate|p2a: Zapdos|Protect
|
|-heal|p2a: Zapdos|35/100|[from] item: Leftovers
|upkeep
|turn|6
|
|t:|1728450752
|switch|p2a: Kingdra|Kingdra, F|100/100
|move|p1a: Gengar|Ice Punch|p2a: Kingdra
|-crit|p2a: Kingdra
|-damage|p2a: Kingdra|42/100
|
|upkeep
|turn|7
|
|t:|1728450761
|move|p1a: Gengar|Thunderbolt|p2a: Kingdra
|-crit|p2a: Kingdra
|-damage|p2a: Kingdra|0 fnt
|faint|p2a: Kingdra
|
|t:|1728450767
|switch|p2a: Claydol|Claydol|100/100
|
|upkeep
|turn|8
|
|t:|1728450771
|switch|p1a: Skarmory|Skarmory, M|100/100
|move|p2a: Claydol|Psychic|p1a: Skarmory
|-resisted|p1a: Skarmory
|-damage|p1a: Skarmory|90/100
|
|-heal|p1a: Skarmory|96/100|[from] item: Leftovers
|upkeep
|turn|9
|
|t:|1728450773
|switch|p2a: Gengar|Gengar, M|100/100
|move|p1a: Skarmory|Toxic|p2a: Gengar|[miss]
|-miss|p1a: Skarmory|p2a: Gengar
|
|-heal|p1a: Skarmory|100/100|[from] item: Leftovers
|upkeep
|turn|10
|
|t:|1728450787
|move|p2a: Gengar|Will-O-Wisp|p1a: Skarmory
|-status|p1a: Skarmory|brn
|move|p1a: Skarmory|Spikes|p2a: Gengar
|-sidestart|p2: coffeepour|Spikes
|
|-damage|p1a: Skarmory|88/100 brn|[from] brn
|upkeep
|turn|11
|
|t:|1728450791
|move|p2a: Gengar|Night Shade|p1a: Skarmory
|-damage|p1a: Skarmory|58/100 brn
|move|p1a: Skarmory|Spikes|p2a: Gengar
|-sidestart|p2: coffeepour|Spikes
|
|-heal|p1a: Skarmory|64/100 brn|[from] item: Leftovers
|-damage|p1a: Skarmory|52/100 brn|[from] brn
|upkeep
|turn|12
|
|t:|1728450793
|move|p2a: Gengar|Night Shade|p1a: Skarmory
|-damage|p1a: Skarmory|22/100 brn
|move|p1a: Skarmory|Spikes|p2a: Gengar
|-sidestart|p2: coffeepour|Spikes
|
|-heal|p1a: Skarmory|28/100 brn|[from] item: Leftovers
|-damage|p1a: Skarmory|16/100 brn|[from] brn
|upkeep
|turn|13
|
|t:|1728450804
|-singleturn|p2a: Gengar|move: Focus Punch
|move|p2a: Gengar|Focus Punch|p1a: Skarmory
|-damage|p1a: Skarmory|0 fnt
|faint|p1a: Skarmory
|
|t:|1728450808
|switch|p1a: Gengar|Gengar, F|100/100
|
|upkeep
|turn|14
|
|t:|1728450817
|move|p1a: Gengar|Ice Punch|p2a: Gengar
|-damage|p2a: Gengar|63/100
|move|p2a: Gengar|Will-O-Wisp|p1a: Gengar
|-status|p1a: Gengar|brn
|
|-damage|p1a: Gengar|88/100 brn|[from] brn
|-heal|p2a: Gengar|69/100|[from] item: Leftovers
|upkeep
|turn|15
|
|t:|1728450825
|move|p1a: Gengar|Ice Punch|p2a: Gengar
|-damage|p2a: Gengar|29/100
|move|p2a: Gengar|Night Shade|p1a: Gengar
|-damage|p1a: Gengar|50/100 brn
|
|-heal|p1a: Gengar|56/100 brn|[from] item: Leftovers
|-damage|p1a: Gengar|44/100 brn|[from] brn
|-heal|p2a: Gengar|35/100|[from] item: Leftovers
|upkeep
|turn|16
|inactive|coffeepour has 270 seconds left.
|
|t:|1728450862
|move|p1a: Gengar|Ice Punch|p2a: Gengar
|-damage|p2a: Gengar|0 fnt
|faint|p2a: Gengar
|
|t:|1728450867
|switch|p2a: Zapdos|Zapdos|35/100
|
|-heal|p1a: Gengar|50/100 brn|[from] item: Leftovers
|-damage|p1a: Gengar|38/100 brn|[from] brn
|-heal|p2a: Zapdos|41/100|[from] item: Leftovers
|upkeep
|turn|17
|
|t:|1728450872
|move|p2a: Zapdos|Protect|p2a: Zapdos
|-singleturn|p2a: Zapdos|Protect
|move|p1a: Gengar|Ice Punch|p2a: Zapdos
|-activate|p2a: Zapdos|Protect
|
|-heal|p1a: Gengar|44/100 brn|[from] item: Leftovers
|-damage|p1a: Gengar|32/100 brn|[from] brn
|-heal|p2a: Zapdos|48/100|[from] item: Leftovers
|upkeep
|turn|18
|
|t:|1728450876
|move|p1a: Gengar|Ice Punch|p2a: Zapdos
|-supereffective|p2a: Zapdos
|-damage|p2a: Zapdos|0 fnt
|faint|p2a: Zapdos
|
|t:|1728450879
|switch|p2a: Claydol|Claydol|100/100
|
|-heal|p1a: Gengar|38/100 brn|[from] item: Leftovers
|-damage|p1a: Gengar|25/100 brn|[from] brn
|upkeep
|turn|19
|
|t:|1728450889
|move|p1a: Gengar|Explosion|p2a: Claydol
|-damage|p2a: Claydol|70/100
|faint|p1a: Gengar
|
|t:|1728450895
|switch|p1a: Swampert|Swampert, M|100/100
|
|-heal|p2a: Claydol|76/100|[from] item: Leftovers
|upkeep
|turn|20
|
|t:|1728450900
|move|p2a: Claydol|Explosion|p1a: Swampert
|-damage|p1a: Swampert|45/100
|faint|p2a: Claydol
|
|t:|1728450914
|switch|p2a: Suicune|Suicune|100/100
|-damage|p2a: Suicune|75/100|[from] Spikes
|
|-heal|p2a: Suicune|82/100|[from] item: Leftovers
|-heal|p1a: Swampert|51/100|[from] item: Leftovers
|upkeep
|turn|21
|
|t:|1728450917
|move|p2a: Suicune|Calm Mind|p2a: Suicune
|-boost|p2a: Suicune|spa|1
|-boost|p2a: Suicune|spd|1
|move|p1a: Swampert|Toxic|p2a: Suicune|[miss]
|-miss|p1a: Swampert|p2a: Suicune
|
|-heal|p2a: Suicune|88/100|[from] item: Leftovers
|-heal|p1a: Swampert|58/100|[from] item: Leftovers
|upkeep
|turn|22
|
|t:|1728450920
|move|p2a: Suicune|Substitute|p2a: Suicune
|-start|p2a: Suicune|Substitute
|-damage|p2a: Suicune|63/100
|move|p1a: Swampert|Toxic|p2a: Suicune|[miss]
|-miss|p1a: Swampert|p2a: Suicune
|
|-heal|p2a: Suicune|69/100|[from] item: Leftovers
|-heal|p1a: Swampert|64/100|[from] item: Leftovers
|upkeep
|turn|23
|
|t:|1728450923
|move|p2a: Suicune|Calm Mind|p2a: Suicune
|-boost|p2a: Suicune|spa|1
|-boost|p2a: Suicune|spd|1
|move|p1a: Swampert|Earthquake|p2a: Suicune
|-end|p2a: Suicune|Substitute
|
|-heal|p2a: Suicune|75/100|[from] item: Leftovers
|-heal|p1a: Swampert|70/100|[from] item: Leftovers
|upkeep
|turn|24
|
|t:|1728450925
|move|p2a: Suicune|Hydro Pump|p1a: Swampert|[miss]
|-miss|p2a: Suicune|p1a: Swampert
|move|p1a: Swampert|Earthquake|p2a: Suicune
|-damage|p2a: Suicune|48/100
|
|-heal|p2a: Suicune|54/100|[from] item: Leftovers
|-heal|p1a: Swampert|76/100|[from] item: Leftovers
|upkeep
|turn|25
|
|t:|1728450930
|move|p2a: Suicune|Substitute|p2a: Suicune
|-start|p2a: Suicune|Substitute
|-damage|p2a: Suicune|29/100
|move|p1a: Swampert|Earthquake|p2a: Suicune
|-end|p2a: Suicune|Substitute
|
|-heal|p2a: Suicune|35/100|[from] item: Leftovers
|-heal|p1a: Swampert|82/100|[from] item: Leftovers
|upkeep
|turn|26
|
|t:|1728450933
|move|p2a: Suicune|Hydro Pump|p1a: Swampert|[miss]
|-miss|p2a: Suicune|p1a: Swampert
|move|p1a: Swampert|Earthquake|p2a: Suicune
|-damage|p2a: Suicune|6/100
|
|-heal|p2a: Suicune|12/100|[from] item: Leftovers
|-heal|p1a: Swampert|89/100|[from] item: Leftovers
|upkeep
|turn|27
|
|t:|1728450940
|move|p2a: Suicune|Hydro Pump|p1a: Swampert
|-damage|p1a: Swampert|13/100
|move|p1a: Swampert|Earthquake|p2a: Suicune
|-crit|p2a: Suicune
|-damage|p2a: Suicune|0 fnt
|faint|p2a: Suicune
|
|t:|1728450942
|switch|p2a: Dugtrio|Dugtrio, M|100/100
|-damage|p2a: Dugtrio|76/100|[from] Spikes
|
|-heal|p1a: Swampert|19/100|[from] item: Leftovers
|upkeep
|turn|28
|
|t:|1728450950
|move|p2a: Dugtrio|Earthquake|p1a: Swampert
|-damage|p1a: Swampert|0 fnt
|faint|p1a: Swampert
|
|t:|1728450953
|switch|p1a: Tyranitar|Tyranitar, M|100/100
|-weather|Sandstorm|[from] ability: Sand Stream|[of] p1a: Tyranitar
|
|-weather|Sandstorm|[upkeep]
|upkeep
|turn|29
|
|t:|1728450955
|move|p2a: Dugtrio|Earthquake|p1a: Tyranitar
|-supereffective|p1a: Tyranitar
|-damage|p1a: Tyranitar|9/100
|move|p1a: Tyranitar|Earthquake|p2a: Dugtrio
|-damage|p2a: Dugtrio|0 fnt
|faint|p2a: Dugtrio
|
|win|Ragnarocco24
|c|☆coffeepour|gg
|c|☆Ragnarocco24|Unlucky

</script>
<script type="application/json" class="data" id="replaydata-smogtours-gen3ou-796593">
{"id":"smogtours-gen3ou-796593","format":"[Gen 3] OU","players":["Ragnarocco24","coffeepour"],"uploadtime":1728450955,"views":120,"formatid":"gen3ou","rating":null,"private":0,"password":null}
</script>

<script defer src="js/replays.js?9d40a366"></script>
