<!DOCTYPE html>
<meta charset="utf-8" />
<meta name="viewport" content="width=device-width" />

<title>[Gen 3] OU: Melee Minion vs. marcelbruer - Replays - Pok&eacute;mon Showdown!</title>

<meta name="description" content="Watch a replay of a Pok&eacute;mon battle between Melee Minion and marcelbruer! Format: [Gen 3] OU; Date: Oct 25, 2024" />
<!--

Hey, you! Looking in the source for the replay log?

You can find them in JSON format, just add `.json` at the end of a replay URL.

https://replay.pokemonshowdown.com/gen7randomdoublesbattle-865046831.json

Or, if you only need the log itself, add `.log` instead:

https://replay.pokemonshowdown.com/gen7randomdoublesbattle-865046831.log

-->

<link rel="stylesheet" href="//pokemonshowdown.com/style/global.css?0.023195364461161105" />
<link rel="stylesheet" href="//play.pokemonshowdown.com/style/font-awesome.css?0.13261647063804238" />
<link rel="stylesheet" href="//play.pokemonshowdown.com/style/battle.css?0.8753245789963631" />
<link rel="stylesheet" href="//play.pokemonshowdown.com/style/utilichart.css?0.8627959624976733" />

<!-- Global site tag (gtag.js) - Google Analytics -->
<script async src="https://www.googletagmanager.com/gtag/js?id=UA-26211653-1"></script>
<script>
  window.dataLayer = window.dataLayer || [];
  function gtag(){dataLayer.push(arguments);}
  gtag('js', new Date());

  gtag('config', 'UA-26211653-1');
</script>
<!-- End Google Analytics -->
<!-- Venatus Ad Manager - Install in <HEAD> of page -->
	<script src="https://hb.vntsm.com/v3/live/ad-manager.min.js" type="text/javascript" data-site-id="642aba63ec9a7b11c3c9c1be" data-mode="scan" async></script>
<!-- / Venatus Ad Manager -->

<style>
	@media (max-width:820px) {
		.battle {
			margin: 0 auto;
		}
		.battle-log {
			margin: 7px auto 0;
			max-width: 640px;
			height: 300px;
			position: static;
		}
	}
	.optgroup {
		display: inline-block;
		line-height: 22px;
		font-size: 10pt;
	}
	.optgroup .button {
		height: 25px;
		padding-top: 0;
		padding-bottom: 0;
	}
	.optgroup button.button {
		padding-left: 12px;
		padding-right: 12px;
	}
	.linklist {
		list-style: none;
		margin: 0.5em 0;
		padding: 0;
	}
	.linklist li {
		padding: 2px 0;
	}
	.sidebar {
		float: left;
		width: 320px;
	}
	.bar-wrapper {
		max-width: 1100px;
		margin: 0 auto;
	}
	.bar-wrapper.has-sidebar {
		max-width: 1430px;
	}
	.mainbar {
		margin: 0;
		padding-right: 1px;
	}
	.mainbar.has-sidebar {
		margin-left: 330px;
	}
	@media (min-width: 1511px) {
		.sidebar {
			width: 400px;
		}
		.bar-wrapper.has-sidebar {
			max-width: 1510px;
		}
		.mainbar.has-sidebar {
			margin-left: 410px;
		}
	}
	.section.first-section {
		margin-top: 9px;
	}
	.blocklink small {
		white-space: normal;
	}
	.button {
		vertical-align: middle;
	}
	.replay-controls {
		padding-top: 10px;
	}
	.replay-controls h1 {
		font-size: 16pt;
		font-weight: normal;
		color: #CCC;
	}
	.pagelink {
		text-align: center;
	}
	.pagelink a {
		width: 150px;
	}
	.textbox, .button {
		font-size: 11pt;
		vertical-align: middle;
	}
	@media (max-width: 450px) {
		.button {
			font-size: 9pt;
		}
	}
</style>

<div>

	<header>
		<div class="nav-wrapper"><ul class="nav">
			<li><a class="button nav-first" href="//pokemonshowdown.com/"><img src="//pokemonshowdown.com/images/pokemonshowdownbeta.png" srcset="//pokemonshowdown.com/images/pokemonshowdownbeta.png 1x, //pokemonshowdown.com/images/pokemonshowdownbeta@2x.png 2x" alt="Pok&eacute;mon Showdown" width="146" height="44" /> Home</a></li>
			<li><a class="button" href="//pokemonshowdown.com/dex/">Pok&eacute;dex</a></li>
			<li><a class="button cur" href="/">Replays</a></li>
			<li><a class="button" href="//pokemonshowdown.com/ladder/">Ladder</a></li>
			<li><a class="button nav-last" href="//pokemonshowdown.com/forums/">Forum</a></li>
			<li><a class="button greenbutton nav-first nav-last" href="//play.pokemonshowdown.com/">Play</a></li>
		</ul></div>
	</header>

	<div class="main" id="main">

		<noscript><section class="section">You need to enable JavaScript to use this page; sorry!</section></noscript>

	</div>

</div>

<script defer nomodule src="//play.pokemonshowdown.com/js/lib/ps-polyfill.js"></script>
<script defer src="//play.pokemonshowdown.com/js/lib/preact.min.js"></script>

<script defer src="//play.pokemonshowdown.com/config/config.js?2bddbc15"></script>
<script defer src="//play.pokemonshowdown.com/js/lib/jquery-1.11.0.min.js"></script>
<script defer src="//play.pokemonshowdown.com/js/lib/html-sanitizer-minified.js"></script>
<script defer src="//play.pokemonshowdown.com/js/battle-sound.js"></script>
<script defer src="//play.pokemonshowdown.com/js/battledata.js?0.7209276989879541"></script>
<script defer src="//play.pokemonshowdown.com/data/pokedex-mini.js?0.6111056340867951"></script>
<script defer src="//play.pokemonshowdown.com/data/pokedex-mini-bw.js?0.3532142036491459"></script>
<script defer src="//play.pokemonshowdown.com/data/graphics.js?0.24223875632456182"></script>
<script defer src="//play.pokemonshowdown.com/data/pokedex.js?0.38839984266356864"></script>
<script defer src="//play.pokemonshowdown.com/data/moves.js?0.21866028504024015"></script>
<script defer src="//play.pokemonshowdown.com/data/abilities.js?0.2005157953846628"></script>
<script defer src="//play.pokemonshowdown.com/data/items.js?0.9894211263848525"></script>
<script defer src="//play.pokemonshowdown.com/data/teambuilder-tables.js?0.6008791140282215"></script>
<script defer src="//play.pokemonshowdown.com/js/battle-tooltips.js?0.7580118955022959"></script>
<script defer src="//play.pokemonshowdown.com/js/battle.js?0.6057722274234274"></script>

<script defer src="js/utils.js?e31f9a17"></script>
<script defer src="js/replays-battle.js?7008c182"></script>

<!-- don't scrape this data! just add .json or .log after the URL!
Full API docs: https://github.com/smogon/pokemon-showdown-client/blob/master/WEB-API.md -->
<script type="text/plain" class="log" id="replaylog-smogtours-gen3ou-801860">
|inactive|Battle timer is ON: inactive players will automatically lose when time's up.
|t:|1729879673
|gametype|singles
|player|p1|Melee Minion|265|
|player|p2|marcelbruer|169|
|teamsize|p1|6
|teamsize|p2|6
|gen|3
|tier|[Gen 3] OU
|rule|Sleep Clause Mod: Limit one foe put to sleep
|rule|Switch Priority Clause Mod: Faster Pokémon switch first
|rule|Species Clause: Limit one of each Pokémon
|rule|OHKO Clause: OHKO moves are banned
|rule|Evasion Items Clause: Evasion items are banned
|rule|Evasion Moves Clause: Evasion moves are banned
|rule|Endless Battle Clause: Forcing endless battles is banned
|rule|HP Percentage Mod: HP is shown in percentages
|rule|One Boost Passer Clause: Limit one Baton Passer that has a way to boost its stats
|rule|Freeze Clause Mod: Limit one foe frozen
|
|t:|1729879673
|start
|switch|p1a: Jiracheese|Jirachi|100/100
|switch|p2a: Medicham|Medicham, M|100/100
|turn|1
|
|t:|1729879686
|-singleturn|p2a: Medicham|move: Focus Punch
|switch|p1a: Magneton't|Skarmory, F|100/100
|move|p2a: Medicham|Focus Punch|p1a: Magneton't
|-damage|p1a: Magneton't|0 fnt
|faint|p1a: Magneton't
|
|t:|1729879693
|switch|p1a: Gargarian|Gengar, F|100/100
|
|upkeep
|turn|2
|
|t:|1729879712
|switch|p2a: Snorlax|Snorlax, F|100/100
|move|p1a: Gargarian|Will-O-Wisp|p2a: Snorlax
|-status|p2a: Snorlax|brn
|
|-damage|p2a: Snorlax|88/100 brn|[from] brn
|upkeep
|turn|3
|
|t:|1729879725
|switch|p1a: Ronflexn't|Snorlax, F|100/100
|move|p2a: Snorlax|Shadow Ball|p1a: Ronflexn't
|-immune|p1a: Ronflexn't
|
|-heal|p2a: Snorlax|94/100 brn|[from] item: Leftovers
|-damage|p2a: Snorlax|82/100 brn|[from] brn
|upkeep
|turn|4
|
|t:|1729879749
|move|p2a: Snorlax|Return|p1a: Ronflexn't
|-crit|p1a: Ronflexn't
|-damage|p1a: Ronflexn't|60/100
|move|p1a: Ronflexn't|Shadow Ball|p2a: Snorlax
|-immune|p2a: Snorlax
|
|-heal|p2a: Snorlax|88/100 brn|[from] item: Leftovers
|-damage|p2a: Snorlax|76/100 brn|[from] brn
|-heal|p1a: Ronflexn't|66/100|[from] item: Leftovers
|upkeep
|turn|5
|
|t:|1729879764
|move|p2a: Snorlax|Return|p1a: Ronflexn't
|-damage|p1a: Ronflexn't|45/100
|move|p1a: Ronflexn't|Curse|p1a: Ronflexn't
|-unboost|p1a: Ronflexn't|spe|1
|-boost|p1a: Ronflexn't|atk|1
|-boost|p1a: Ronflexn't|def|1
|
|-heal|p2a: Snorlax|82/100 brn|[from] item: Leftovers
|-damage|p2a: Snorlax|69/100 brn|[from] brn
|-heal|p1a: Ronflexn't|51/100|[from] item: Leftovers
|upkeep
|turn|6
|
|t:|1729879776
|move|p2a: Snorlax|Return|p1a: Ronflexn't
|-damage|p1a: Ronflexn't|38/100
|move|p1a: Ronflexn't|Shadow Ball|p2a: Snorlax
|-immune|p2a: Snorlax
|
|-heal|p2a: Snorlax|75/100 brn|[from] item: Leftovers
|-damage|p2a: Snorlax|63/100 brn|[from] brn
|-heal|p1a: Ronflexn't|44/100|[from] item: Leftovers
|upkeep
|turn|7
|
|t:|1729879788
|move|p2a: Snorlax|Return|p1a: Ronflexn't
|-damage|p1a: Ronflexn't|32/100
|move|p1a: Ronflexn't|Curse|p1a: Ronflexn't
|-unboost|p1a: Ronflexn't|spe|1
|-boost|p1a: Ronflexn't|atk|1
|-boost|p1a: Ronflexn't|def|1
|
|-heal|p2a: Snorlax|69/100 brn|[from] item: Leftovers
|-damage|p2a: Snorlax|57/100 brn|[from] brn
|-heal|p1a: Ronflexn't|38/100|[from] item: Leftovers
|upkeep
|turn|8
|
|t:|1729879801
|move|p2a: Snorlax|Self-Destruct|p1a: Ronflexn't
|-crit|p1a: Ronflexn't
|-damage|p1a: Ronflexn't|0 fnt
|faint|p2a: Snorlax
|faint|p1a: Ronflexn't
|
|t:|1729879808
|switch|p2a: Medicham|Medicham, M|100/100
|switch|p1a: Gargarian|Gengar, F|100/100
|
|upkeep
|turn|9
|
|t:|1729879818
|move|p1a: Gargarian|Will-O-Wisp|p2a: Medicham|[miss]
|-miss|p1a: Gargarian|p2a: Medicham
|move|p2a: Medicham|Shadow Ball|p1a: Gargarian
|-supereffective|p1a: Gargarian
|-damage|p1a: Gargarian|0 fnt
|faint|p1a: Gargarian
|
|t:|1729879827
|switch|p1a: Jiracheese|Jirachi|100/100
|
|upkeep
|turn|10
|
|t:|1729879833
|move|p1a: Jiracheese|Thunder|p2a: Medicham
|-damage|p2a: Medicham|54/100
|-status|p2a: Medicham|par
|cant|p2a: Medicham|par
|
|upkeep
|turn|11
|
|t:|1729879845
|move|p1a: Jiracheese|Calm Mind|p1a: Jiracheese
|-boost|p1a: Jiracheese|spa|1
|-boost|p1a: Jiracheese|spd|1
|move|p2a: Medicham|Shadow Ball|p1a: Jiracheese
|-damage|p1a: Jiracheese|65/100
|
|-heal|p1a: Jiracheese|71/100|[from] item: Leftovers
|upkeep
|turn|12
|
|t:|1729879853
|move|p1a: Jiracheese|Wish|p1a: Jiracheese
|move|p2a: Medicham|Shadow Ball|p1a: Jiracheese
|-damage|p1a: Jiracheese|39/100
|-unboost|p1a: Jiracheese|spd|1
|
|-heal|p1a: Jiracheese|45/100|[from] item: Leftovers
|upkeep
|turn|13
|
|t:|1729879863
|move|p1a: Jiracheese|Calm Mind|p1a: Jiracheese
|-boost|p1a: Jiracheese|spa|1
|-boost|p1a: Jiracheese|spd|1
|move|p2a: Medicham|Shadow Ball|p1a: Jiracheese
|-damage|p1a: Jiracheese|11/100
|-unboost|p1a: Jiracheese|spd|1
|
|-heal|p1a: Jiracheese|61/100|[from] move: Wish|[wisher] Jiracheese
|-heal|p1a: Jiracheese|67/100|[from] item: Leftovers
|upkeep
|turn|14
|
|t:|1729879886
|move|p1a: Jiracheese|Wish|p1a: Jiracheese
|cant|p2a: Medicham|par
|
|-heal|p1a: Jiracheese|74/100|[from] item: Leftovers
|upkeep
|turn|15
|
|t:|1729879892
|switch|p2a: Metagross|Metagross|100/100
|move|p1a: Jiracheese|Calm Mind|p1a: Jiracheese
|-boost|p1a: Jiracheese|spa|1
|-boost|p1a: Jiracheese|spd|1
|
|-heal|p1a: Jiracheese|100/100|[from] move: Wish|[wisher] Jiracheese
|upkeep
|turn|16
|
|t:|1729879901
|move|p1a: Jiracheese|Thunder|p2a: Metagross
|-damage|p2a: Metagross|29/100
|-status|p2a: Metagross|par
|move|p2a: Metagross|Earthquake|p1a: Jiracheese
|-supereffective|p1a: Jiracheese
|-damage|p1a: Jiracheese|51/100
|
|-heal|p1a: Jiracheese|57/100|[from] item: Leftovers
|-heal|p2a: Metagross|35/100 par|[from] item: Leftovers
|upkeep
|turn|17
|
|t:|1729879925
|move|p1a: Jiracheese|Thunder|p2a: Metagross|[miss]
|-miss|p1a: Jiracheese|p2a: Metagross
|cant|p2a: Metagross|par
|
|-heal|p1a: Jiracheese|63/100|[from] item: Leftovers
|-heal|p2a: Metagross|41/100 par|[from] item: Leftovers
|upkeep
|turn|18
|
|t:|1729879935
|move|p1a: Jiracheese|Wish|p1a: Jiracheese
|move|p2a: Metagross|Explosion|p1a: Jiracheese
|-resisted|p1a: Jiracheese
|-damage|p1a: Jiracheese|3/100
|faint|p2a: Metagross
|
|t:|1729879944
|switch|p2a: Salamence|Salamence, M|100/100
|-ability|p2a: Salamence|Intimidate|boost
|-unboost|p1a: Jiracheese|atk|1
|
|-heal|p1a: Jiracheese|9/100|[from] item: Leftovers
|upkeep
|turn|19
|
|t:|1729879951
|move|p2a: Salamence|Earthquake|p1a: Jiracheese
|-supereffective|p1a: Jiracheese
|-damage|p1a: Jiracheese|0 fnt
|faint|p1a: Jiracheese
|
|t:|1729879956
|switch|p1a: Hey Now|Starmie|100/100
|
|upkeep
|turn|20
|
|t:|1729879962
|switch|p2a: Starmie|Starmie|100/100
|move|p1a: Hey Now|Surf|p2a: Starmie
|-resisted|p2a: Starmie
|-damage|p2a: Starmie|75/100
|
|-heal|p2a: Starmie|81/100|[from] item: Leftovers
|upkeep
|turn|21
|
|t:|1729879982
|switch|p1a: Celery|Celebi|100/100
|move|p2a: Starmie|Thunderbolt|p1a: Celery
|-resisted|p1a: Celery
|-damage|p1a: Celery|93/100
|
|-heal|p2a: Starmie|87/100|[from] item: Leftovers
|-heal|p1a: Celery|99/100|[from] item: Leftovers
|upkeep
|turn|22
|
|t:|1729879992
|move|p2a: Starmie|Ice Beam|p1a: Celery
|-supereffective|p1a: Celery
|-damage|p1a: Celery|65/100
|move|p1a: Celery|Leech Seed|p2a: Starmie|[miss]
|-miss|p1a: Celery|p2a: Starmie
|
|-heal|p2a: Starmie|93/100|[from] item: Leftovers
|-heal|p1a: Celery|71/100|[from] item: Leftovers
|upkeep
|turn|23
|
|t:|1729880001
|move|p2a: Starmie|Ice Beam|p1a: Celery
|-supereffective|p1a: Celery
|-damage|p1a: Celery|34/100
|move|p1a: Celery|Leech Seed|p2a: Starmie
|-start|p2a: Starmie|move: Leech Seed
|
|-heal|p2a: Starmie|99/100|[from] item: Leftovers
|-damage|p2a: Starmie|87/100|[from] Leech Seed|[of] p1a: Celery
|-heal|p1a: Celery|42/100|[silent]
|-heal|p1a: Celery|48/100|[from] item: Leftovers
|upkeep
|turn|24
|
|t:|1729880013
|switch|p2a: Heracross|Heracross, M|100/100
|move|p1a: Celery|Recover|p1a: Celery
|-heal|p1a: Celery|98/100
|
|-heal|p1a: Celery|100/100|[from] item: Leftovers
|upkeep
|turn|25
|
|t:|1729880022
|move|p2a: Heracross|Megahorn|p1a: Celery
|-supereffective|p1a: Celery
|-damage|p1a: Celery|0 fnt
|faint|p1a: Celery
|
|t:|1729880025
|switch|p1a: Hey Now|Starmie|100/100
|
|upkeep
|turn|26
|
|t:|1729880029
|move|p1a: Hey Now|Surf|p2a: Heracross
|-damage|p2a: Heracross|63/100
|move|p2a: Heracross|Megahorn|p1a: Hey Now
|-supereffective|p1a: Hey Now
|-damage|p1a: Hey Now|0 fnt
|faint|p1a: Hey Now
|
|win|marcelbruer
|c|☆marcelbruer|gg

</script>
<script type="application/json" class="data" id="replaydata-smogtours-gen3ou-801860">
{"id":"smogtours-gen3ou-801860","format":"[Gen 3] OU","players":["Melee Minion","marcelbruer"],"uploadtime":1729880029,"views":70,"formatid":"gen3ou","rating":null,"private":0,"password":null}
</script>

<script defer src="js/replays.js?9d40a366"></script>
