<!DOCTYPE html>
<meta charset="utf-8" />
<meta name="viewport" content="width=device-width" />

<title>[Gen 3] OU: crab person vs. Bhol - Replays - Pok&eacute;mon Showdown!</title>

<meta name="description" content="Watch a replay of a Pok&eacute;mon battle between crab person and Bhol! Format: [Gen 3] OU; Date: Oct 30, 2024" />
<!--

Hey, you! Looking in the source for the replay log?

You can find them in JSON format, just add `.json` at the end of a replay URL.

https://replay.pokemonshowdown.com/gen7randomdoublesbattle-865046831.json

Or, if you only need the log itself, add `.log` instead:

https://replay.pokemonshowdown.com/gen7randomdoublesbattle-865046831.log

-->

<link rel="stylesheet" href="//pokemonshowdown.com/style/global.css?0.023195364461161105" />
<link rel="stylesheet" href="//play.pokemonshowdown.com/style/font-awesome.css?0.13261647063804238" />
<link rel="stylesheet" href="//play.pokemonshowdown.com/style/battle.css?0.8753245789963631" />
<link rel="stylesheet" href="//play.pokemonshowdown.com/style/utilichart.css?0.8627959624976733" />

<!-- Global site tag (gtag.js) - Google Analytics -->
<script async src="https://www.googletagmanager.com/gtag/js?id=UA-26211653-1"></script>
<script>
  window.dataLayer = window.dataLayer || [];
  function gtag(){dataLayer.push(arguments);}
  gtag('js', new Date());

  gtag('config', 'UA-26211653-1');
</script>
<!-- End Google Analytics -->
<!-- Venatus Ad Manager - Install in <HEAD> of page -->
	<script src="https://hb.vntsm.com/v3/live/ad-manager.min.js" type="text/javascript" data-site-id="642aba63ec9a7b11c3c9c1be" data-mode="scan" async></script>
<!-- / Venatus Ad Manager -->

<style>
	@media (max-width:820px) {
		.battle {
			margin: 0 auto;
		}
		.battle-log {
			margin: 7px auto 0;
			max-width: 640px;
			height: 300px;
			position: static;
		}
	}
	.optgroup {
		display: inline-block;
		line-height: 22px;
		font-size: 10pt;
	}
	.optgroup .button {
		height: 25px;
		padding-top: 0;
		padding-bottom: 0;
	}
	.optgroup button.button {
		padding-left: 12px;
		padding-right: 12px;
	}
	.linklist {
		list-style: none;
		margin: 0.5em 0;
		padding: 0;
	}
	.linklist li {
		padding: 2px 0;
	}
	.sidebar {
		float: left;
		width: 320px;
	}
	.bar-wrapper {
		max-width: 1100px;
		margin: 0 auto;
	}
	.bar-wrapper.has-sidebar {
		max-width: 1430px;
	}
	.mainbar {
		margin: 0;
		padding-right: 1px;
	}
	.mainbar.has-sidebar {
		margin-left: 330px;
	}
	@media (min-width: 1511px) {
		.sidebar {
			width: 400px;
		}
		.bar-wrapper.has-sidebar {
			max-width: 1510px;
		}
		.mainbar.has-sidebar {
			margin-left: 410px;
		}
	}
	.section.first-section {
		margin-top: 9px;
	}
	.blocklink small {
		white-space: normal;
	}
	.button {
		vertical-align: middle;
	}
	.replay-controls {
		padding-top: 10px;
	}
	.replay-controls h1 {
		font-size: 16pt;
		font-weight: normal;
		color: #CCC;
	}
	.pagelink {
		text-align: center;
	}
	.pagelink a {
		width: 150px;
	}
	.textbox, .button {
		font-size: 11pt;
		vertical-align: middle;
	}
	@media (max-width: 450px) {
		.button {
			font-size: 9pt;
		}
	}
</style>

<div>

	<header>
		<div class="nav-wrapper"><ul class="nav">
			<li><a class="button nav-first" href="//pokemonshowdown.com/"><img src="//pokemonshowdown.com/images/pokemonshowdownbeta.png" srcset="//pokemonshowdown.com/images/pokemonshowdownbeta.png 1x, //pokemonshowdown.com/images/pokemonshowdownbeta@2x.png 2x" alt="Pok&eacute;mon Showdown" width="146" height="44" /> Home</a></li>
			<li><a class="button" href="//pokemonshowdown.com/dex/">Pok&eacute;dex</a></li>
			<li><a class="button cur" href="/">Replays</a></li>
			<li><a class="button" href="//pokemonshowdown.com/ladder/">Ladder</a></li>
			<li><a class="button nav-last" href="//pokemonshowdown.com/forums/">Forum</a></li>
			<li><a class="button greenbutton nav-first nav-last" href="//play.pokemonshowdown.com/">Play</a></li>
		</ul></div>
	</header>

	<div class="main" id="main">

		<noscript><section class="section">You need to enable JavaScript to use this page; sorry!</section></noscript>

	</div>

</div>

<script defer nomodule src="//play.pokemonshowdown.com/js/lib/ps-polyfill.js"></script>
<script defer src="//play.pokemonshowdown.com/js/lib/preact.min.js"></script>

<script defer src="//play.pokemonshowdown.com/config/config.js?2bddbc15"></script>
<script defer src="//play.pokemonshowdown.com/js/lib/jquery-1.11.0.min.js"></script>
<script defer src="//play.pokemonshowdown.com/js/lib/html-sanitizer-minified.js"></script>
<script defer src="//play.pokemonshowdown.com/js/battle-sound.js"></script>
<script defer src="//play.pokemonshowdown.com/js/battledata.js?0.7209276989879541"></script>
<script defer src="//play.pokemonshowdown.com/data/pokedex-mini.js?0.6111056340867951"></script>
<script defer src="//play.pokemonshowdown.com/data/pokedex-mini-bw.js?0.3532142036491459"></script>
<script defer src="//play.pokemonshowdown.com/data/graphics.js?0.24223875632456182"></script>
<script defer src="//play.pokemonshowdown.com/data/pokedex.js?0.38839984266356864"></script>
<script defer src="//play.pokemonshowdown.com/data/moves.js?0.21866028504024015"></script>
<script defer src="//play.pokemonshowdown.com/data/abilities.js?0.2005157953846628"></script>
<script defer src="//play.pokemonshowdown.com/data/items.js?0.9894211263848525"></script>
<script defer src="//play.pokemonshowdown.com/data/teambuilder-tables.js?0.6008791140282215"></script>
<script defer src="//play.pokemonshowdown.com/js/battle-tooltips.js?0.7580118955022959"></script>
<script defer src="//play.pokemonshowdown.com/js/battle.js?0.6057722274234274"></script>

<script defer src="js/utils.js?e31f9a17"></script>
<script defer src="js/replays-battle.js?7008c182"></script>

<!-- don't scrape this data! just add .json or .log after the URL!
Full API docs: https://github.com/smogon/pokemon-showdown-client/blob/master/WEB-API.md -->
<script type="text/plain" class="log" id="replaylog-gen3ou-2234146657-xvhf440bkwg28bch1w6wd7jlwln2j31pw">
|j|☆crab person
|j|☆Bhol
|t:|1730307804
|gametype|singles
|player|p1|crab person|flint|
|player|p2|Bhol|sabrina|
|teamsize|p1|6
|teamsize|p2|6
|gen|3
|tier|[Gen 3] OU
|rule|Sleep Clause Mod: Limit one foe put to sleep
|rule|Switch Priority Clause Mod: Faster Pokémon switch first
|rule|Species Clause: Limit one of each Pokémon
|rule|OHKO Clause: OHKO moves are banned
|rule|Evasion Items Clause: Evasion items are banned
|rule|Evasion Moves Clause: Evasion moves are banned
|rule|Endless Battle Clause: Forcing endless battles is banned
|rule|HP Percentage Mod: HP is shown in percentages
|rule|One Boost Passer Clause: Limit one Baton Passer that has a way to boost its stats
|rule|Freeze Clause Mod: Limit one foe frozen
|
|t:|1730307804
|start
|switch|p1a: Lubellion|Tyranitar, F|100/100
|switch|p2a: Metagross|Metagross|100/100
|-weather|Sandstorm|[from] ability: Sand Stream|[of] p1a: Lubellion
|turn|1
|c|☆crab person|glhf
|c|☆crab person|last game
|c|☆Bhol|u2 hopefully not another tie lmao
|c|☆crab person|haha
|c|☆crab person|had to force it
|
|t:|1730307838
|switch|p1a: Simorgh|Skarmory, F|100/100
|move|p2a: Metagross|Brick Break|p1a: Simorgh
|-damage|p1a: Simorgh|70/100
|
|-weather|Sandstorm|[upkeep]
|-heal|p1a: Simorgh|77/100|[from] item: Leftovers
|upkeep
|turn|2
|
|t:|1730307844
|switch|p2a: Magneton|Magneton|100/100
|move|p1a: Simorgh|Spikes|p2a: Magneton
|-sidestart|p2: Bhol|Spikes
|
|-weather|Sandstorm|[upkeep]
|-heal|p1a: Simorgh|83/100|[from] item: Leftovers
|upkeep
|turn|3
|
|t:|1730307847
|move|p1a: Simorgh|Protect|p1a: Simorgh
|-singleturn|p1a: Simorgh|Protect
|move|p2a: Magneton|Thunderbolt|p1a: Simorgh
|-activate|p1a: Simorgh|Protect
|
|-weather|Sandstorm|[upkeep]
|-heal|p1a: Simorgh|89/100|[from] item: Leftovers
|upkeep
|turn|4
|
|t:|1730307849
|move|p2a: Magneton|Thunderbolt|p1a: Simorgh
|-supereffective|p1a: Simorgh
|-damage|p1a: Simorgh|0 fnt
|faint|p1a: Simorgh
|
|t:|1730307852
|switch|p1a: Magical Hats|Dugtrio, M|100/100
|
|-weather|Sandstorm|[upkeep]
|upkeep
|turn|5
|
|t:|1730307860
|move|p2a: Magneton|Endure|p2a: Magneton
|-singleturn|p2a: Magneton|move: Endure
|move|p1a: Magical Hats|Earthquake|p2a: Magneton
|-supereffective|p2a: Magneton
|-activate|p2a: Magneton|move: Endure
|-damage|p2a: Magneton|1/100
|
|-weather|Sandstorm|[upkeep]
|-enditem|p2a: Magneton|Salac Berry|[eat]
|-boost|p2a: Magneton|spe|1|[from] item: Salac Berry
|upkeep
|turn|6
|
|t:|1730307879
|switch|p1a: E.V.A|Jirachi|100/100
|move|p2a: Magneton|Hidden Power|p1a: E.V.A
|-resisted|p1a: E.V.A
|-damage|p1a: E.V.A|91/100
|
|-weather|Sandstorm|[upkeep]
|-heal|p1a: E.V.A|98/100|[from] item: Leftovers
|upkeep
|turn|7
|
|t:|1730307885
|move|p2a: Magneton|Thunderbolt|p1a: E.V.A
|-damage|p1a: E.V.A|55/100
|move|p1a: E.V.A|Thunderbolt|p2a: Magneton
|-resisted|p2a: Magneton
|-damage|p2a: Magneton|0 fnt
|faint|p2a: Magneton
|
|t:|1730307926
|switch|p2a: Tyranitar|Tyranitar, M|100/100
|-damage|p2a: Tyranitar|88/100|[from] Spikes
|
|-weather|Sandstorm|[upkeep]
|-heal|p1a: E.V.A|61/100|[from] item: Leftovers
|upkeep
|turn|8
|
|t:|1730307940
|move|p1a: E.V.A|Thunderbolt|p2a: Tyranitar
|-damage|p2a: Tyranitar|63/100
|move|p2a: Tyranitar|Dragon Dance|p2a: Tyranitar
|-boost|p2a: Tyranitar|atk|1
|-boost|p2a: Tyranitar|spe|1
|
|-weather|Sandstorm|[upkeep]
|-heal|p1a: E.V.A|67/100|[from] item: Leftovers
|upkeep
|turn|9
|
|t:|1730307954
|switch|p1a: Coral Anemone|Starmie|100/100
|move|p2a: Tyranitar|Dragon Dance|p2a: Tyranitar
|-boost|p2a: Tyranitar|atk|1
|-boost|p2a: Tyranitar|spe|1
|
|-weather|Sandstorm|[upkeep]
|-damage|p1a: Coral Anemone|94/100|[from] Sandstorm
|-heal|p1a: Coral Anemone|100/100|[from] item: Leftovers
|upkeep
|turn|10
|
|t:|1730307961
|move|p2a: Tyranitar|Rock Slide|p1a: Coral Anemone
|-damage|p1a: Coral Anemone|0 fnt
|faint|p1a: Coral Anemone
|
|t:|1730307968
|switch|p1a: E.V.A|Jirachi|67/100
|
|-weather|Sandstorm|[upkeep]
|-heal|p1a: E.V.A|73/100|[from] item: Leftovers
|upkeep
|turn|11
|
|t:|1730307972
|move|p2a: Tyranitar|Earthquake|p1a: E.V.A
|-supereffective|p1a: E.V.A
|-damage|p1a: E.V.A|0 fnt
|faint|p1a: E.V.A
|
|t:|1730307985
|switch|p1a: Magical Hats|Dugtrio, M|100/100
|
|-weather|Sandstorm|[upkeep]
|upkeep
|turn|12
|
|t:|1730307989
|move|p2a: Tyranitar|Earthquake|p1a: Magical Hats
|-damage|p1a: Magical Hats|0 fnt
|faint|p1a: Magical Hats
|c|☆crab person|you got me
|-message|crab person forfeited.
|
|win|Bhol
|c|☆Bhol|ggs
|c|☆Bhol|fun set
|c|☆crab person|wp
|c|☆crab person|yeah
|c|☆crab person|DD tar got me tho
|c|☆Bhol|Yeah dd tar is so good
|c|☆Bhol|good luck in the rest of the tour
|c|☆crab person|u2

</script>
<script type="application/json" class="data" id="replaydata-gen3ou-2234146657-xvhf440bkwg28bch1w6wd7jlwln2j31pw">
{"id":"gen3ou-2234146657","format":"[Gen 3] OU","players":["crab person","Bhol"],"uploadtime":1730308040,"views":130,"formatid":"gen3ou","rating":null,"private":1,"password":"xvhf440bkwg28bch1w6wd7jlwln2j31"}
</script>

<script defer src="js/replays.js?9d40a366"></script>
