<!DOCTYPE html>
<meta charset="utf-8" />
<meta name="viewport" content="width=device-width" />

<title>[Gen 3] OU: sbibling vs. Svejk97 - Replays - Pok&eacute;mon Showdown!</title>

<meta name="description" content="Watch a replay of a Pok&eacute;mon battle between sbibling and Svejk97! Format: [Gen 3] OU; Date: Oct 14, 2024" />
<!--

Hey, you! Looking in the source for the replay log?

You can find them in JSON format, just add `.json` at the end of a replay URL.

https://replay.pokemonshowdown.com/gen7randomdoublesbattle-865046831.json

Or, if you only need the log itself, add `.log` instead:

https://replay.pokemonshowdown.com/gen7randomdoublesbattle-865046831.log

-->

<link rel="stylesheet" href="//pokemonshowdown.com/style/global.css?0.023195364461161105" />
<link rel="stylesheet" href="//play.pokemonshowdown.com/style/font-awesome.css?0.13261647063804238" />
<link rel="stylesheet" href="//play.pokemonshowdown.com/style/battle.css?0.8753245789963631" />
<link rel="stylesheet" href="//play.pokemonshowdown.com/style/utilichart.css?0.8627959624976733" />

<!-- Global site tag (gtag.js) - Google Analytics -->
<script async src="https://www.googletagmanager.com/gtag/js?id=UA-26211653-1"></script>
<script>
  window.dataLayer = window.dataLayer || [];
  function gtag(){dataLayer.push(arguments);}
  gtag('js', new Date());

  gtag('config', 'UA-26211653-1');
</script>
<!-- End Google Analytics -->
<!-- Venatus Ad Manager - Install in <HEAD> of page -->
	<script src="https://hb.vntsm.com/v3/live/ad-manager.min.js" type="text/javascript" data-site-id="642aba63ec9a7b11c3c9c1be" data-mode="scan" async></script>
<!-- / Venatus Ad Manager -->

<style>
	@media (max-width:820px) {
		.battle {
			margin: 0 auto;
		}
		.battle-log {
			margin: 7px auto 0;
			max-width: 640px;
			height: 300px;
			position: static;
		}
	}
	.optgroup {
		display: inline-block;
		line-height: 22px;
		font-size: 10pt;
	}
	.optgroup .button {
		height: 25px;
		padding-top: 0;
		padding-bottom: 0;
	}
	.optgroup button.button {
		padding-left: 12px;
		padding-right: 12px;
	}
	.linklist {
		list-style: none;
		margin: 0.5em 0;
		padding: 0;
	}
	.linklist li {
		padding: 2px 0;
	}
	.sidebar {
		float: left;
		width: 320px;
	}
	.bar-wrapper {
		max-width: 1100px;
		margin: 0 auto;
	}
	.bar-wrapper.has-sidebar {
		max-width: 1430px;
	}
	.mainbar {
		margin: 0;
		padding-right: 1px;
	}
	.mainbar.has-sidebar {
		margin-left: 330px;
	}
	@media (min-width: 1511px) {
		.sidebar {
			width: 400px;
		}
		.bar-wrapper.has-sidebar {
			max-width: 1510px;
		}
		.mainbar.has-sidebar {
			margin-left: 410px;
		}
	}
	.section.first-section {
		margin-top: 9px;
	}
	.blocklink small {
		white-space: normal;
	}
	.button {
		vertical-align: middle;
	}
	.replay-controls {
		padding-top: 10px;
	}
	.replay-controls h1 {
		font-size: 16pt;
		font-weight: normal;
		color: #CCC;
	}
	.pagelink {
		text-align: center;
	}
	.pagelink a {
		width: 150px;
	}
	.textbox, .button {
		font-size: 11pt;
		vertical-align: middle;
	}
	@media (max-width: 450px) {
		.button {
			font-size: 9pt;
		}
	}
</style>

<div>

	<header>
		<div class="nav-wrapper"><ul class="nav">
			<li><a class="button nav-first" href="//pokemonshowdown.com/"><img src="//pokemonshowdown.com/images/pokemonshowdownbeta.png" srcset="//pokemonshowdown.com/images/pokemonshowdownbeta.png 1x, //pokemonshowdown.com/images/pokemonshowdownbeta@2x.png 2x" alt="Pok&eacute;mon Showdown" width="146" height="44" /> Home</a></li>
			<li><a class="button" href="//pokemonshowdown.com/dex/">Pok&eacute;dex</a></li>
			<li><a class="button cur" href="/">Replays</a></li>
			<li><a class="button" href="//pokemonshowdown.com/ladder/">Ladder</a></li>
			<li><a class="button nav-last" href="//pokemonshowdown.com/forums/">Forum</a></li>
			<li><a class="button greenbutton nav-first nav-last" href="//play.pokemonshowdown.com/">Play</a></li>
		</ul></div>
	</header>

	<div class="main" id="main">

		<noscript><section class="section">You need to enable JavaScript to use this page; sorry!</section></noscript>

	</div>

</div>

<script defer nomodule src="//play.pokemonshowdown.com/js/lib/ps-polyfill.js"></script>
<script defer src="//play.pokemonshowdown.com/js/lib/preact.min.js"></script>

<script defer src="//play.pokemonshowdown.com/config/config.js?2bddbc15"></script>
<script defer src="//play.pokemonshowdown.com/js/lib/jquery-1.11.0.min.js"></script>
<script defer src="//play.pokemonshowdown.com/js/lib/html-sanitizer-minified.js"></script>
<script defer src="//play.pokemonshowdown.com/js/battle-sound.js"></script>
<script defer src="//play.pokemonshowdown.com/js/battledata.js?0.7209276989879541"></script>
<script defer src="//play.pokemonshowdown.com/data/pokedex-mini.js?0.6111056340867951"></script>
<script defer src="//play.pokemonshowdown.com/data/pokedex-mini-bw.js?0.3532142036491459"></script>
<script defer src="//play.pokemonshowdown.com/data/graphics.js?0.24223875632456182"></script>
<script defer src="//play.pokemonshowdown.com/data/pokedex.js?0.38839984266356864"></script>
<script defer src="//play.pokemonshowdown.com/data/moves.js?0.21866028504024015"></script>
<script defer src="//play.pokemonshowdown.com/data/abilities.js?0.2005157953846628"></script>
<script defer src="//play.pokemonshowdown.com/data/items.js?0.9894211263848525"></script>
<script defer src="//play.pokemonshowdown.com/data/teambuilder-tables.js?0.6008791140282215"></script>
<script defer src="//play.pokemonshowdown.com/js/battle-tooltips.js?0.7580118955022959"></script>
<script defer src="//play.pokemonshowdown.com/js/battle.js?0.6057722274234274"></script>

<script defer src="js/utils.js?e31f9a17"></script>
<script defer src="js/replays-battle.js?7008c182"></script>

<!-- don't scrape this data! just add .json or .log after the URL!
Full API docs: https://github.com/smogon/pokemon-showdown-client/blob/master/WEB-API.md -->
<script type="text/plain" class="log" id="replaylog-smogtours-gen3ou-798788">
|inactive|Battle timer is ON: inactive players will automatically lose when time's up.
|t:|1728942410
|gametype|singles
|player|p1|sbibling|266|
|player|p2|Svejk97|hugh|
|teamsize|p1|6
|teamsize|p2|6
|gen|3
|tier|[Gen 3] OU
|rule|Sleep Clause Mod: Limit one foe put to sleep
|rule|Switch Priority Clause Mod: Faster Pokémon switch first
|rule|Species Clause: Limit one of each Pokémon
|rule|OHKO Clause: OHKO moves are banned
|rule|Evasion Items Clause: Evasion items are banned
|rule|Evasion Moves Clause: Evasion moves are banned
|rule|Endless Battle Clause: Forcing endless battles is banned
|rule|HP Percentage Mod: HP is shown in percentages
|rule|One Boost Passer Clause: Limit one Baton Passer that has a way to boost its stats
|rule|Freeze Clause Mod: Limit one foe frozen
|
|t:|1728942410
|start
|switch|p1a: Regirock|Regirock|100/100
|switch|p2a: Sukuna him self|Skarmory, M, shiny|100/100
|turn|1
|
|t:|1728942419
|switch|p1a: Magneton|Magneton|100/100
|move|p2a: Sukuna him self|Taunt|p1a: Magneton
|-start|p1a: Magneton|move: Taunt
|
|upkeep
|turn|2
|
|t:|1728942427
|move|p2a: Sukuna him self|Hidden Power|p1a: Magneton
|-supereffective|p1a: Magneton
|-damage|p1a: Magneton|0 fnt
|faint|p1a: Magneton
|inactive|sbibling has 270 seconds left.
|
|t:|1728942463
|switch|p1a: Suicune|Suicune|100/100
|
|upkeep
|turn|3
|
|t:|1728942472
|move|p2a: Sukuna him self|Taunt|p1a: Suicune
|-start|p1a: Suicune|move: Taunt
|move|p1a: Suicune|Surf|p2a: Sukuna him self
|-damage|p2a: Sukuna him self|26/100
|
|-heal|p2a: Sukuna him self|32/100|[from] item: Leftovers
|upkeep
|turn|4
|
|t:|1728942493
|switch|p2a: Just Karen 🙄|Dusclops, F|100/100
|move|p1a: Suicune|Surf|p2a: Just Karen 🙄
|-damage|p2a: Just Karen 🙄|65/100
|
|-end|p1a: Suicune|move: Taunt|[silent]
|-heal|p2a: Just Karen 🙄|71/100|[from] item: Leftovers
|upkeep
|turn|5
|
|t:|1728942503
|switch|p1a: Regirock|Regirock|100/100
|move|p2a: Just Karen 🙄|Curse|p1a: Regirock
|-start|p1a: Regirock|Curse|[of] p2a: Just Karen 🙄
|-damage|p2a: Just Karen 🙄|21/100
|
|-damage|p1a: Regirock|76/100|[from] Curse
|-heal|p2a: Just Karen 🙄|27/100|[from] item: Leftovers
|upkeep
|turn|6
|
|t:|1728942520
|move|p1a: Regirock|Rock Slide|p2a: Just Karen 🙄
|-damage|p2a: Just Karen 🙄|2/100
|move|p2a: Just Karen 🙄|Pain Split|p1a: Regirock
|-sethp|p1a: Regirock|38/100|[from] move: Pain Split|[silent]
|-sethp|p2a: Just Karen 🙄|47/100|[from] move: Pain Split
|
|-heal|p1a: Regirock|44/100|[from] item: Leftovers
|-damage|p1a: Regirock|20/100|[from] Curse
|-heal|p2a: Just Karen 🙄|53/100|[from] item: Leftovers
|upkeep
|turn|7
|inactive|Svejk97 has 270 seconds left.
|
|t:|1728942546
|switch|p1a: Snorlax|Snorlax, M|100/100
|switch|p2a: Grass hater|Swampert, F|100/100
|
|upkeep
|turn|8
|inactive|Svejk97 has 270 seconds left.
|
|t:|1728942557
|switch|p2a: Sukuna him self|Skarmory, M, shiny|32/100
|move|p1a: Snorlax|Curse|p1a: Snorlax
|-unboost|p1a: Snorlax|spe|1
|-boost|p1a: Snorlax|atk|1
|-boost|p1a: Snorlax|def|1
|
|-heal|p2a: Sukuna him self|38/100|[from] item: Leftovers
|upkeep
|turn|9
|inactive|Svejk97 has 270 seconds left.
|
|t:|1728942568
|switch|p1a: Suicune|Suicune|100/100
|move|p2a: Sukuna him self|Spikes|p1a: Suicune
|-sidestart|p1: sbibling|Spikes
|
|-heal|p2a: Sukuna him self|44/100|[from] item: Leftovers
|upkeep
|turn|10
|inactive|Svejk97 has 270 seconds left.
|
|t:|1728942580
|move|p2a: Sukuna him self|Spikes|p1a: Suicune
|-sidestart|p1: sbibling|Spikes
|move|p1a: Suicune|Surf|p2a: Sukuna him self
|-damage|p2a: Sukuna him self|0 fnt
|faint|p2a: Sukuna him self
|
|t:|1728942599
|switch|p2a: Beyblayd|Starmie|100/100
|
|upkeep
|turn|11
|
|t:|1728942608
|move|p2a: Beyblayd|Thunderbolt|p1a: Suicune
|-supereffective|p1a: Suicune
|-damage|p1a: Suicune|61/100
|move|p1a: Suicune|Surf|p2a: Beyblayd
|-resisted|p2a: Beyblayd
|-damage|p2a: Beyblayd|75/100
|
|-heal|p2a: Beyblayd|81/100|[from] item: Leftovers
|-heal|p1a: Suicune|67/100|[from] item: Leftovers
|upkeep
|turn|12
|
|t:|1728942620
|switch|p1a: Snorlax|Snorlax, M|100/100
|-damage|p1a: Snorlax|84/100|[from] Spikes
|move|p2a: Beyblayd|Thunderbolt|p1a: Snorlax
|-damage|p1a: Snorlax|67/100
|
|-heal|p2a: Beyblayd|87/100|[from] item: Leftovers
|-heal|p1a: Snorlax|73/100|[from] item: Leftovers
|upkeep
|turn|13
|
|t:|1728942630
|switch|p2a: Just Karen 🙄|Dusclops, F|53/100
|move|p1a: Snorlax|Shadow Ball|p2a: Just Karen 🙄
|-supereffective|p2a: Just Karen 🙄
|-damage|p2a: Just Karen 🙄|11/100
|
|-heal|p1a: Snorlax|80/100|[from] item: Leftovers
|-heal|p2a: Just Karen 🙄|17/100|[from] item: Leftovers
|upkeep
|turn|14
|
|t:|1728942643
|switch|p2a: Stealth Rock Lover|Articuno|100/100
|move|p1a: Snorlax|Curse|p1a: Snorlax
|-unboost|p1a: Snorlax|spe|1
|-boost|p1a: Snorlax|atk|1
|-boost|p1a: Snorlax|def|1
|
|-heal|p1a: Snorlax|86/100|[from] item: Leftovers
|upkeep
|turn|15
|
|t:|1728942653
|move|p1a: Snorlax|Self-Destruct|p2a: Stealth Rock Lover
|-damage|p2a: Stealth Rock Lover|0 fnt
|faint|p1a: Snorlax
|faint|p2a: Stealth Rock Lover
|inactive|Svejk97 has 270 seconds left.
|
|t:|1728942668
|switch|p2a: Beyblayd|Starmie|87/100
|switch|p1a: Metagross|Metagross|100/100
|-damage|p1a: Metagross|84/100|[from] Spikes
|
|-heal|p2a: Beyblayd|93/100|[from] item: Leftovers
|-heal|p1a: Metagross|90/100|[from] item: Leftovers
|upkeep
|turn|16
|inactive|Svejk97 has 270 seconds left.
|
|t:|1728942678
|move|p2a: Beyblayd|Thunderbolt|p1a: Metagross
|-damage|p1a: Metagross|58/100
|move|p1a: Metagross|Earthquake|p2a: Beyblayd
|-damage|p2a: Beyblayd|37/100
|
|-heal|p2a: Beyblayd|43/100|[from] item: Leftovers
|-heal|p1a: Metagross|64/100|[from] item: Leftovers
|upkeep
|turn|17
|inactive|Svejk97 has 270 seconds left.
|
|t:|1728942690
|switch|p2a: Grass hater|Swampert, F|100/100
|move|p1a: Metagross|Earthquake|p2a: Grass hater
|-damage|p2a: Grass hater|68/100
|
|-heal|p1a: Metagross|70/100|[from] item: Leftovers
|-heal|p2a: Grass hater|75/100|[from] item: Leftovers
|upkeep
|turn|18
|
|t:|1728942703
|switch|p1a: Regirock|Regirock|20/100
|-damage|p1a: Regirock|3/100|[from] Spikes
|move|p2a: Grass hater|Earthquake|p1a: Regirock
|-supereffective|p1a: Regirock
|-damage|p1a: Regirock|0 fnt
|faint|p1a: Regirock
|
|t:|1728942707
|switch|p1a: Metagross|Metagross|70/100
|-damage|p1a: Metagross|53/100|[from] Spikes
|
|-heal|p1a: Metagross|59/100|[from] item: Leftovers
|-heal|p2a: Grass hater|81/100|[from] item: Leftovers
|upkeep
|turn|19
|
|t:|1728942718
|move|p2a: Grass hater|Protect|p2a: Grass hater
|-singleturn|p2a: Grass hater|Protect
|move|p1a: Metagross|Explosion|p2a: Grass hater
|-activate|p2a: Grass hater|Protect
|faint|p1a: Metagross
|
|t:|1728942721
|switch|p1a: Salamence|Salamence, M|100/100
|-ability|p1a: Salamence|Intimidate|boost
|-unboost|p2a: Grass hater|atk|1
|
|-heal|p2a: Grass hater|87/100|[from] item: Leftovers
|upkeep
|turn|20
|
|t:|1728942731
|move|p1a: Salamence|Dragon Dance|p1a: Salamence
|-boost|p1a: Salamence|atk|1
|-boost|p1a: Salamence|spe|1
|move|p2a: Grass hater|Toxic|p1a: Salamence
|-status|p1a: Salamence|tox
|
|-damage|p1a: Salamence|94/100 tox|[from] psn
|-heal|p2a: Grass hater|93/100|[from] item: Leftovers
|upkeep
|turn|21
|inactive|Svejk97 has 270 seconds left.
|
|t:|1728942767
|switch|p2a: Just Karen 🙄|Dusclops, F|17/100
|move|p1a: Salamence|Dragon Dance|p1a: Salamence
|-boost|p1a: Salamence|atk|1
|-boost|p1a: Salamence|spe|1
|
|-heal|p1a: Salamence|100/100 tox|[from] item: Leftovers
|-damage|p1a: Salamence|88/100 tox|[from] psn
|-heal|p2a: Just Karen 🙄|23/100|[from] item: Leftovers
|upkeep
|turn|22
|inactive|Svejk97 has 270 seconds left.
|
|t:|1728942782
|move|p1a: Salamence|Hidden Power|p2a: Just Karen 🙄
|-damage|p2a: Just Karen 🙄|0 fnt
|faint|p2a: Just Karen 🙄
|
|t:|1728942787
|switch|p2a: Grass hater|Swampert, F|93/100
|
|-heal|p1a: Salamence|94/100 tox|[from] item: Leftovers
|-damage|p1a: Salamence|76/100 tox|[from] psn
|-heal|p2a: Grass hater|99/100|[from] item: Leftovers
|upkeep
|turn|23
|
|t:|1728942794
|move|p1a: Salamence|Hidden Power|p2a: Grass hater
|-damage|p2a: Grass hater|26/100
|move|p2a: Grass hater|Surf|p1a: Salamence
|-resisted|p1a: Salamence
|-damage|p1a: Salamence|47/100 tox
|
|-heal|p1a: Salamence|53/100 tox|[from] item: Leftovers
|-damage|p1a: Salamence|29/100 tox|[from] psn
|-heal|p2a: Grass hater|33/100|[from] item: Leftovers
|upkeep
|turn|24
|
|t:|1728942805
|move|p2a: Grass hater|Protect|p2a: Grass hater
|-singleturn|p2a: Grass hater|Protect
|move|p1a: Salamence|Hidden Power|p2a: Grass hater
|-activate|p2a: Grass hater|Protect
|
|-heal|p1a: Salamence|35/100 tox|[from] item: Leftovers
|-damage|p1a: Salamence|4/100 tox|[from] psn
|-heal|p2a: Grass hater|39/100|[from] item: Leftovers
|upkeep
|turn|25
|
|t:|1728942816
|move|p1a: Salamence|Hidden Power|p2a: Grass hater
|-damage|p2a: Grass hater|0 fnt
|faint|p2a: Grass hater
|
|t:|1728942822
|switch|p2a: Beyblayd|Starmie|43/100
|
|-heal|p1a: Salamence|10/100 tox|[from] item: Leftovers
|-damage|p1a: Salamence|0 fnt|[from] psn
|faint|p1a: Salamence
|-heal|p2a: Beyblayd|49/100|[from] item: Leftovers
|upkeep
|
|t:|1728942823
|switch|p1a: Suicune|Suicune|67/100
|-damage|p1a: Suicune|51/100|[from] Spikes
|turn|26
|
|t:|1728942834
|move|p2a: Beyblayd|Thunderbolt|p1a: Suicune
|-supereffective|p1a: Suicune
|-damage|p1a: Suicune|14/100
|move|p1a: Suicune|Rest|p1a: Suicune
|-status|p1a: Suicune|slp|[from] move: Rest
|-heal|p1a: Suicune|100/100 slp|[silent]
|
|-heal|p2a: Beyblayd|55/100|[from] item: Leftovers
|upkeep
|turn|27
|
|t:|1728942844
|move|p2a: Beyblayd|Thunderbolt|p1a: Suicune
|-supereffective|p1a: Suicune
|-crit|p1a: Suicune
|-damage|p1a: Suicune|28/100 slp
|cant|p1a: Suicune|slp
|move|p1a: Suicune|Sleep Talk|p1a: Suicune
|move|p1a: Suicune|Rest|p1a: Suicune|[from]Sleep Talk
|
|-heal|p2a: Beyblayd|61/100|[from] item: Leftovers
|-heal|p1a: Suicune|34/100 slp|[from] item: Leftovers
|upkeep
|turn|28
|c|☆sbibling|gg
|c|☆Svejk97|gg
|
|t:|1728942856
|move|p2a: Beyblayd|Thunderbolt|p1a: Suicune
|-supereffective|p1a: Suicune
|-damage|p1a: Suicune|0 fnt
|faint|p1a: Suicune
|
|win|Svejk97

</script>
<script type="application/json" class="data" id="replaydata-smogtours-gen3ou-798788">
{"id":"smogtours-gen3ou-798788","format":"[Gen 3] OU","players":["sbibling","Svejk97"],"uploadtime":1728942856,"views":114,"formatid":"gen3ou","rating":null,"private":0,"password":null}
</script>

<script defer src="js/replays.js?9d40a366"></script>
