<!DOCTYPE html>
<meta charset="utf-8" />
<meta name="viewport" content="width=device-width" />

<title>[Gen 3] OU: latlat1 vs. bydy2 - Replays - Pok&eacute;mon Showdown!</title>

<meta name="description" content="Watch a replay of a Pok&eacute;mon battle between latlat1 and bydy2! Format: [Gen 3] OU; Date: Oct 23, 2024" />
<!--

Hey, you! Looking in the source for the replay log?

You can find them in JSON format, just add `.json` at the end of a replay URL.

https://replay.pokemonshowdown.com/gen7randomdoublesbattle-865046831.json

Or, if you only need the log itself, add `.log` instead:

https://replay.pokemonshowdown.com/gen7randomdoublesbattle-865046831.log

-->

<link rel="stylesheet" href="//pokemonshowdown.com/style/global.css?0.023195364461161105" />
<link rel="stylesheet" href="//play.pokemonshowdown.com/style/font-awesome.css?0.13261647063804238" />
<link rel="stylesheet" href="//play.pokemonshowdown.com/style/battle.css?0.8753245789963631" />
<link rel="stylesheet" href="//play.pokemonshowdown.com/style/utilichart.css?0.8627959624976733" />

<!-- Global site tag (gtag.js) - Google Analytics -->
<script async src="https://www.googletagmanager.com/gtag/js?id=UA-26211653-1"></script>
<script>
  window.dataLayer = window.dataLayer || [];
  function gtag(){dataLayer.push(arguments);}
  gtag('js', new Date());

  gtag('config', 'UA-26211653-1');
</script>
<!-- End Google Analytics -->
<!-- Venatus Ad Manager - Install in <HEAD> of page -->
	<script src="https://hb.vntsm.com/v3/live/ad-manager.min.js" type="text/javascript" data-site-id="642aba63ec9a7b11c3c9c1be" data-mode="scan" async></script>
<!-- / Venatus Ad Manager -->

<style>
	@media (max-width:820px) {
		.battle {
			margin: 0 auto;
		}
		.battle-log {
			margin: 7px auto 0;
			max-width: 640px;
			height: 300px;
			position: static;
		}
	}
	.optgroup {
		display: inline-block;
		line-height: 22px;
		font-size: 10pt;
	}
	.optgroup .button {
		height: 25px;
		padding-top: 0;
		padding-bottom: 0;
	}
	.optgroup button.button {
		padding-left: 12px;
		padding-right: 12px;
	}
	.linklist {
		list-style: none;
		margin: 0.5em 0;
		padding: 0;
	}
	.linklist li {
		padding: 2px 0;
	}
	.sidebar {
		float: left;
		width: 320px;
	}
	.bar-wrapper {
		max-width: 1100px;
		margin: 0 auto;
	}
	.bar-wrapper.has-sidebar {
		max-width: 1430px;
	}
	.mainbar {
		margin: 0;
		padding-right: 1px;
	}
	.mainbar.has-sidebar {
		margin-left: 330px;
	}
	@media (min-width: 1511px) {
		.sidebar {
			width: 400px;
		}
		.bar-wrapper.has-sidebar {
			max-width: 1510px;
		}
		.mainbar.has-sidebar {
			margin-left: 410px;
		}
	}
	.section.first-section {
		margin-top: 9px;
	}
	.blocklink small {
		white-space: normal;
	}
	.button {
		vertical-align: middle;
	}
	.replay-controls {
		padding-top: 10px;
	}
	.replay-controls h1 {
		font-size: 16pt;
		font-weight: normal;
		color: #CCC;
	}
	.pagelink {
		text-align: center;
	}
	.pagelink a {
		width: 150px;
	}
	.textbox, .button {
		font-size: 11pt;
		vertical-align: middle;
	}
	@media (max-width: 450px) {
		.button {
			font-size: 9pt;
		}
	}
</style>

<div>

	<header>
		<div class="nav-wrapper"><ul class="nav">
			<li><a class="button nav-first" href="//pokemonshowdown.com/"><img src="//pokemonshowdown.com/images/pokemonshowdownbeta.png" srcset="//pokemonshowdown.com/images/pokemonshowdownbeta.png 1x, //pokemonshowdown.com/images/pokemonshowdownbeta@2x.png 2x" alt="Pok&eacute;mon Showdown" width="146" height="44" /> Home</a></li>
			<li><a class="button" href="//pokemonshowdown.com/dex/">Pok&eacute;dex</a></li>
			<li><a class="button cur" href="/">Replays</a></li>
			<li><a class="button" href="//pokemonshowdown.com/ladder/">Ladder</a></li>
			<li><a class="button nav-last" href="//pokemonshowdown.com/forums/">Forum</a></li>
			<li><a class="button greenbutton nav-first nav-last" href="//play.pokemonshowdown.com/">Play</a></li>
		</ul></div>
	</header>

	<div class="main" id="main">

		<noscript><section class="section">You need to enable JavaScript to use this page; sorry!</section></noscript>

	</div>

</div>

<script defer nomodule src="//play.pokemonshowdown.com/js/lib/ps-polyfill.js"></script>
<script defer src="//play.pokemonshowdown.com/js/lib/preact.min.js"></script>

<script defer src="//play.pokemonshowdown.com/config/config.js?2bddbc15"></script>
<script defer src="//play.pokemonshowdown.com/js/lib/jquery-1.11.0.min.js"></script>
<script defer src="//play.pokemonshowdown.com/js/lib/html-sanitizer-minified.js"></script>
<script defer src="//play.pokemonshowdown.com/js/battle-sound.js"></script>
<script defer src="//play.pokemonshowdown.com/js/battledata.js?0.7209276989879541"></script>
<script defer src="//play.pokemonshowdown.com/data/pokedex-mini.js?0.6111056340867951"></script>
<script defer src="//play.pokemonshowdown.com/data/pokedex-mini-bw.js?0.3532142036491459"></script>
<script defer src="//play.pokemonshowdown.com/data/graphics.js?0.24223875632456182"></script>
<script defer src="//play.pokemonshowdown.com/data/pokedex.js?0.38839984266356864"></script>
<script defer src="//play.pokemonshowdown.com/data/moves.js?0.21866028504024015"></script>
<script defer src="//play.pokemonshowdown.com/data/abilities.js?0.2005157953846628"></script>
<script defer src="//play.pokemonshowdown.com/data/items.js?0.9894211263848525"></script>
<script defer src="//play.pokemonshowdown.com/data/teambuilder-tables.js?0.6008791140282215"></script>
<script defer src="//play.pokemonshowdown.com/js/battle-tooltips.js?0.7580118955022959"></script>
<script defer src="//play.pokemonshowdown.com/js/battle.js?0.6057722274234274"></script>

<script defer src="js/utils.js?e31f9a17"></script>
<script defer src="js/replays-battle.js?7008c182"></script>

<!-- don't scrape this data! just add .json or .log after the URL!
Full API docs: https://github.com/smogon/pokemon-showdown-client/blob/master/WEB-API.md -->
<script type="text/plain" class="log" id="replaylog-smogtours-gen3ou-801434">
|inactive|Battle timer is ON: inactive players will automatically lose when time's up.
|t:|1729719874
|gametype|singles
|player|p1|latlat1|2|
|player|p2|bydy2|barry|
|teamsize|p1|6
|teamsize|p2|6
|gen|3
|tier|[Gen 3] OU
|rule|Sleep Clause Mod: Limit one foe put to sleep
|rule|Switch Priority Clause Mod: Faster Pokémon switch first
|rule|Species Clause: Limit one of each Pokémon
|rule|OHKO Clause: OHKO moves are banned
|rule|Evasion Items Clause: Evasion items are banned
|rule|Evasion Moves Clause: Evasion moves are banned
|rule|Endless Battle Clause: Forcing endless battles is banned
|rule|HP Percentage Mod: HP is shown in percentages
|rule|One Boost Passer Clause: Limit one Baton Passer that has a way to boost its stats
|rule|Freeze Clause Mod: Limit one foe frozen
|
|t:|1729719874
|start
|switch|p1a: Medicham|Medicham, M|100/100
|switch|p2a: Zapdos|Zapdos|100/100
|turn|1
|
|t:|1729719891
|switch|p2a: Swampert|Swampert, M|100/100
|move|p1a: Medicham|Rock Slide|p2a: Swampert
|-resisted|p2a: Swampert
|-damage|p2a: Swampert|83/100
|
|-heal|p2a: Swampert|90/100|[from] item: Leftovers
|upkeep
|turn|2
|
|t:|1729719904
|switch|p1a: Suicune|Suicune|100/100
|switch|p2a: Venusaur|Venusaur, M|100/100
|
|upkeep
|turn|3
|inactive|latlat1 has 270 seconds left.
|
|t:|1729719951
|move|p2a: Venusaur|Sleep Powder|p1a: Suicune
|-status|p1a: Suicune|slp|[from] move: Sleep Powder
|cant|p1a: Suicune|slp
|
|upkeep
|turn|4
|
|t:|1729719959
|move|p2a: Venusaur|Leech Seed|p1a: Suicune
|-start|p1a: Suicune|move: Leech Seed
|cant|p1a: Suicune|slp
|
|-damage|p1a: Suicune|88/100 slp|[from] Leech Seed|[of] p2a: Venusaur
|upkeep
|turn|5
|inactive|latlat1 has 270 seconds left.
|inactive|latlat1 has 240 seconds left.
|
|t:|1729720001
|switch|p1a: Zapdos|Zapdos|100/100
|move|p2a: Venusaur|Leech Seed|p1a: Zapdos
|-start|p1a: Zapdos|move: Leech Seed
|
|-damage|p1a: Zapdos|88/100|[from] Leech Seed|[of] p2a: Venusaur
|upkeep
|turn|6
|
|t:|1729720015
|switch|p2a: Despotarcito|Tyranitar, M|100/100
|-weather|Sandstorm|[from] ability: Sand Stream|[of] p2a: Despotarcito
|move|p1a: Zapdos|Thunder Wave|p2a: Despotarcito
|-status|p2a: Despotarcito|par
|
|-weather|Sandstorm|[upkeep]
|-damage|p1a: Zapdos|82/100|[from] Sandstorm
|-heal|p1a: Zapdos|88/100|[from] item: Leftovers
|-damage|p1a: Zapdos|76/100|[from] Leech Seed|[of] p2a: Despotarcito
|upkeep
|turn|7
|
|t:|1729720032
|switch|p1a: Dugtrio|Dugtrio, F|100/100
|switch|p2a: Zapdos|Zapdos|100/100
|
|-weather|Sandstorm|[upkeep]
|-damage|p2a: Zapdos|94/100|[from] Sandstorm
|-heal|p2a: Zapdos|100/100|[from] item: Leftovers
|upkeep
|turn|8
|inactive|latlat1 has 240 seconds left.
|inactive|bydy2 has 270 seconds left.
|
|t:|1729720061
|move|p1a: Dugtrio|Rock Slide|p2a: Zapdos
|-supereffective|p2a: Zapdos
|-damage|p2a: Zapdos|29/100
|cant|p2a: Zapdos|flinch
|
|-weather|Sandstorm|[upkeep]
|-damage|p2a: Zapdos|23/100|[from] Sandstorm
|-heal|p2a: Zapdos|29/100|[from] item: Leftovers
|upkeep
|turn|9
|inactive|latlat1 has 240 seconds left.
|inactive|bydy2 has 270 seconds left.
|
|t:|1729720078
|switch|p2a: Dugtrio|Dugtrio, F|100/100
|move|p1a: Dugtrio|Rock Slide|p2a: Dugtrio
|-resisted|p2a: Dugtrio
|-damage|p2a: Dugtrio|63/100
|
|-weather|Sandstorm|[upkeep]
|upkeep
|turn|10
|
|t:|1729720084
|move|p1a: Dugtrio|Rock Slide|p2a: Dugtrio|[miss]
|-miss|p1a: Dugtrio|p2a: Dugtrio
|move|p2a: Dugtrio|Earthquake|p1a: Dugtrio
|-damage|p1a: Dugtrio|0 fnt
|faint|p1a: Dugtrio
|
|t:|1729720093
|switch|p1a: Gengar|Gengar, F|100/100
|
|-weather|Sandstorm|[upkeep]
|-damage|p1a: Gengar|94/100|[from] Sandstorm
|-heal|p1a: Gengar|100/100|[from] item: Leftovers
|upkeep
|turn|11
|
|t:|1729720102
|switch|p2a: Despotarcito|Tyranitar, M|100/100 par
|move|p1a: Gengar|Ice Punch|p2a: Despotarcito
|-damage|p2a: Despotarcito|76/100 par
|
|-weather|Sandstorm|[upkeep]
|-damage|p1a: Gengar|94/100|[from] Sandstorm
|-heal|p1a: Gengar|100/100|[from] item: Leftovers
|-heal|p2a: Despotarcito|82/100 par|[from] item: Leftovers
|upkeep
|turn|12
|
|t:|1729720112
|move|p1a: Gengar|Hidden Power|p2a: Despotarcito
|-supereffective|p2a: Despotarcito
|-damage|p2a: Despotarcito|38/100 par
|move|p2a: Despotarcito|Rock Slide|p1a: Gengar
|-damage|p1a: Gengar|28/100
|
|-weather|Sandstorm|[upkeep]
|-damage|p1a: Gengar|22/100|[from] Sandstorm
|-heal|p1a: Gengar|28/100|[from] item: Leftovers
|-heal|p2a: Despotarcito|44/100 par|[from] item: Leftovers
|upkeep
|turn|13
|
|t:|1729720126
|move|p1a: Gengar|Hidden Power|p2a: Despotarcito
|-supereffective|p2a: Despotarcito
|-damage|p2a: Despotarcito|4/100 par
|move|p2a: Despotarcito|Rock Slide|p1a: Gengar
|-damage|p1a: Gengar|0 fnt
|faint|p1a: Gengar
|
|t:|1729720135
|switch|p1a: Medicham|Medicham, M|100/100
|
|-weather|Sandstorm|[upkeep]
|-damage|p1a: Medicham|94/100|[from] Sandstorm
|-heal|p2a: Despotarcito|11/100 par|[from] item: Leftovers
|upkeep
|turn|14
|
|t:|1729720152
|move|p1a: Medicham|Rock Slide|p2a: Despotarcito
|-damage|p2a: Despotarcito|0 fnt
|faint|p2a: Despotarcito
|
|t:|1729720159
|switch|p2a: Swampert|Swampert, M|90/100
|
|-weather|Sandstorm|[upkeep]
|-damage|p1a: Medicham|88/100|[from] Sandstorm
|-heal|p2a: Swampert|96/100|[from] item: Leftovers
|upkeep
|turn|15
|
|t:|1729720172
|switch|p1a: Suicune|Suicune|88/100 slp
|move|p2a: Swampert|Earthquake|p1a: Suicune
|-damage|p1a: Suicune|56/100 slp
|
|-weather|Sandstorm|[upkeep]
|-damage|p1a: Suicune|50/100 slp|[from] Sandstorm
|-heal|p1a: Suicune|56/100 slp|[from] item: Leftovers
|-heal|p2a: Swampert|100/100|[from] item: Leftovers
|upkeep
|turn|16
|
|t:|1729720179
|-curestatus|p1a: Suicune|slp|[msg]
|move|p1a: Suicune|Hydro Pump|p2a: Swampert
|-damage|p2a: Swampert|53/100
|move|p2a: Swampert|Earthquake|p1a: Suicune
|-damage|p1a: Suicune|26/100
|
|-weather|Sandstorm|[upkeep]
|-damage|p1a: Suicune|20/100|[from] Sandstorm
|-heal|p1a: Suicune|26/100|[from] item: Leftovers
|-heal|p2a: Swampert|60/100|[from] item: Leftovers
|upkeep
|turn|17
|inactive|latlat1 has 270 seconds left.
|
|t:|1729720193
|move|p1a: Suicune|Hydro Pump|p2a: Swampert
|-damage|p2a: Swampert|9/100
|move|p2a: Swampert|Hydro Pump|p1a: Suicune
|-resisted|p1a: Suicune
|-damage|p1a: Suicune|1/100
|
|-weather|Sandstorm|[upkeep]
|-damage|p1a: Suicune|0 fnt|[from] Sandstorm
|faint|p1a: Suicune
|-heal|p2a: Swampert|16/100|[from] item: Leftovers
|upkeep
|inactive|latlat1 has 270 seconds left.
|
|t:|1729720212
|switch|p1a: Zapdos|Zapdos|76/100
|turn|18
|
|t:|1729720219
|move|p1a: Zapdos|Hidden Power|p2a: Swampert
|-damage|p2a: Swampert|0 fnt
|faint|p2a: Swampert
|
|t:|1729720225
|switch|p2a: Gengar|Gengar, M|100/100
|
|-weather|Sandstorm|[upkeep]
|-damage|p2a: Gengar|94/100|[from] Sandstorm
|-damage|p1a: Zapdos|69/100|[from] Sandstorm
|-heal|p2a: Gengar|100/100|[from] item: Leftovers
|-heal|p1a: Zapdos|76/100|[from] item: Leftovers
|upkeep
|turn|19
|inactive|latlat1 has 270 seconds left.
|
|t:|1729720255
|move|p2a: Gengar|Taunt|p1a: Zapdos
|-start|p1a: Zapdos|move: Taunt
|cant|p1a: Zapdos|move: Taunt|Thunder Wave
|
|-weather|Sandstorm|[upkeep]
|-damage|p2a: Gengar|94/100|[from] Sandstorm
|-damage|p1a: Zapdos|69/100|[from] Sandstorm
|-heal|p2a: Gengar|100/100|[from] item: Leftovers
|-heal|p1a: Zapdos|76/100|[from] item: Leftovers
|upkeep
|turn|20
|
|t:|1729720259
|move|p2a: Gengar|Ice Punch|p1a: Zapdos
|-supereffective|p1a: Zapdos
|-damage|p1a: Zapdos|21/100
|-status|p1a: Zapdos|frz
|cant|p1a: Zapdos|frz
|
|-weather|Sandstorm|[upkeep]
|-damage|p2a: Gengar|94/100|[from] Sandstorm
|-damage|p1a: Zapdos|15/100 frz|[from] Sandstorm
|-heal|p2a: Gengar|100/100|[from] item: Leftovers
|-heal|p1a: Zapdos|21/100 frz|[from] item: Leftovers
|-end|p1a: Zapdos|move: Taunt|[silent]
|upkeep
|turn|21
|
|t:|1729720267
|move|p2a: Gengar|Ice Punch|p1a: Zapdos
|-supereffective|p1a: Zapdos
|-damage|p1a: Zapdos|0 fnt
|faint|p1a: Zapdos
|
|t:|1729720274
|switch|p1a: Medicham|Medicham, M|88/100
|
|-weather|Sandstorm|[upkeep]
|-damage|p2a: Gengar|94/100|[from] Sandstorm
|-damage|p1a: Medicham|82/100|[from] Sandstorm
|-heal|p2a: Gengar|100/100|[from] item: Leftovers
|upkeep
|turn|22
|
|t:|1729720287
|switch|p2a: Zapdos|Zapdos|29/100
|move|p1a: Medicham|Shadow Ball|p2a: Zapdos
|-damage|p2a: Zapdos|0 fnt
|faint|p2a: Zapdos
|
|t:|1729720306
|switch|p2a: Dugtrio|Dugtrio, F|63/100
|
|-weather|Sandstorm|[upkeep]
|-damage|p1a: Medicham|76/100|[from] Sandstorm
|upkeep
|turn|23
|inactive|bydy2 has 270 seconds left.
|
|t:|1729720328
|move|p2a: Dugtrio|Earthquake|p1a: Medicham
|-damage|p1a: Medicham|0 fnt
|faint|p1a: Medicham
|
|t:|1729720332
|switch|p1a: Slaking|Slaking, M|100/100
|
|-weather|Sandstorm|[upkeep]
|-damage|p1a: Slaking|94/100|[from] Sandstorm
|upkeep
|turn|24
|
|t:|1729720349
|move|p2a: Dugtrio|Earthquake|p1a: Slaking
|-damage|p1a: Slaking|51/100
|move|p1a: Slaking|Shadow Ball|p2a: Dugtrio
|-damage|p2a: Dugtrio|0 fnt
|faint|p2a: Dugtrio
|
|t:|1729720359
|switch|p2a: Gengar|Gengar, M|100/100
|
|-weather|Sandstorm|[upkeep]
|-damage|p2a: Gengar|94/100|[from] Sandstorm
|-damage|p1a: Slaking|44/100|[from] Sandstorm
|-heal|p2a: Gengar|100/100|[from] item: Leftovers
|upkeep
|turn|25
|
|t:|1729720362
|move|p2a: Gengar|Thunderbolt|p1a: Slaking
|-damage|p1a: Slaking|13/100
|-status|p1a: Slaking|par
|cant|p1a: Slaking|ability: Truant
|
|-weather|Sandstorm|[upkeep]
|-damage|p2a: Gengar|94/100|[from] Sandstorm
|-damage|p1a: Slaking|6/100 par|[from] Sandstorm
|-heal|p2a: Gengar|100/100|[from] item: Leftovers
|upkeep
|turn|26
|c|☆latlat1|gg
|
|t:|1729720368
|move|p2a: Gengar|Thunderbolt|p1a: Slaking
|-damage|p1a: Slaking|0 fnt
|faint|p1a: Slaking
|
|win|bydy2
|c|☆bydy2|ggs
|c|☆latlat1|you got the replays to upload?

</script>
<script type="application/json" class="data" id="replaydata-smogtours-gen3ou-801434">
{"id":"smogtours-gen3ou-801434","format":"[Gen 3] OU","players":["latlat1","bydy2"],"uploadtime":1729720368,"views":70,"formatid":"gen3ou","rating":null,"private":0,"password":null}
</script>

<script defer src="js/replays.js?9d40a366"></script>
