<!DOCTYPE html>
<meta charset="utf-8" />
<meta name="viewport" content="width=device-width" />

<title>[Gen 3] OU: Mulikki vs. Strawbbz - Replays - Pok&eacute;mon Showdown!</title>

<meta name="description" content="Watch a replay of a Pok&eacute;mon battle between Mulikki and Strawbbz! Format: [Gen 3] OU; Date: Oct 15, 2024" />
<!--

Hey, you! Looking in the source for the replay log?

You can find them in JSON format, just add `.json` at the end of a replay URL.

https://replay.pokemonshowdown.com/gen7randomdoublesbattle-865046831.json

Or, if you only need the log itself, add `.log` instead:

https://replay.pokemonshowdown.com/gen7randomdoublesbattle-865046831.log

-->

<link rel="stylesheet" href="//pokemonshowdown.com/style/global.css?0.023195364461161105" />
<link rel="stylesheet" href="//play.pokemonshowdown.com/style/font-awesome.css?0.13261647063804238" />
<link rel="stylesheet" href="//play.pokemonshowdown.com/style/battle.css?0.8753245789963631" />
<link rel="stylesheet" href="//play.pokemonshowdown.com/style/utilichart.css?0.8627959624976733" />

<!-- Global site tag (gtag.js) - Google Analytics -->
<script async src="https://www.googletagmanager.com/gtag/js?id=UA-26211653-1"></script>
<script>
  window.dataLayer = window.dataLayer || [];
  function gtag(){dataLayer.push(arguments);}
  gtag('js', new Date());

  gtag('config', 'UA-26211653-1');
</script>
<!-- End Google Analytics -->
<!-- Venatus Ad Manager - Install in <HEAD> of page -->
	<script src="https://hb.vntsm.com/v3/live/ad-manager.min.js" type="text/javascript" data-site-id="642aba63ec9a7b11c3c9c1be" data-mode="scan" async></script>
<!-- / Venatus Ad Manager -->

<style>
	@media (max-width:820px) {
		.battle {
			margin: 0 auto;
		}
		.battle-log {
			margin: 7px auto 0;
			max-width: 640px;
			height: 300px;
			position: static;
		}
	}
	.optgroup {
		display: inline-block;
		line-height: 22px;
		font-size: 10pt;
	}
	.optgroup .button {
		height: 25px;
		padding-top: 0;
		padding-bottom: 0;
	}
	.optgroup button.button {
		padding-left: 12px;
		padding-right: 12px;
	}
	.linklist {
		list-style: none;
		margin: 0.5em 0;
		padding: 0;
	}
	.linklist li {
		padding: 2px 0;
	}
	.sidebar {
		float: left;
		width: 320px;
	}
	.bar-wrapper {
		max-width: 1100px;
		margin: 0 auto;
	}
	.bar-wrapper.has-sidebar {
		max-width: 1430px;
	}
	.mainbar {
		margin: 0;
		padding-right: 1px;
	}
	.mainbar.has-sidebar {
		margin-left: 330px;
	}
	@media (min-width: 1511px) {
		.sidebar {
			width: 400px;
		}
		.bar-wrapper.has-sidebar {
			max-width: 1510px;
		}
		.mainbar.has-sidebar {
			margin-left: 410px;
		}
	}
	.section.first-section {
		margin-top: 9px;
	}
	.blocklink small {
		white-space: normal;
	}
	.button {
		vertical-align: middle;
	}
	.replay-controls {
		padding-top: 10px;
	}
	.replay-controls h1 {
		font-size: 16pt;
		font-weight: normal;
		color: #CCC;
	}
	.pagelink {
		text-align: center;
	}
	.pagelink a {
		width: 150px;
	}
	.textbox, .button {
		font-size: 11pt;
		vertical-align: middle;
	}
	@media (max-width: 450px) {
		.button {
			font-size: 9pt;
		}
	}
</style>

<div>

	<header>
		<div class="nav-wrapper"><ul class="nav">
			<li><a class="button nav-first" href="//pokemonshowdown.com/"><img src="//pokemonshowdown.com/images/pokemonshowdownbeta.png" srcset="//pokemonshowdown.com/images/pokemonshowdownbeta.png 1x, //pokemonshowdown.com/images/pokemonshowdownbeta@2x.png 2x" alt="Pok&eacute;mon Showdown" width="146" height="44" /> Home</a></li>
			<li><a class="button" href="//pokemonshowdown.com/dex/">Pok&eacute;dex</a></li>
			<li><a class="button cur" href="/">Replays</a></li>
			<li><a class="button" href="//pokemonshowdown.com/ladder/">Ladder</a></li>
			<li><a class="button nav-last" href="//pokemonshowdown.com/forums/">Forum</a></li>
			<li><a class="button greenbutton nav-first nav-last" href="//play.pokemonshowdown.com/">Play</a></li>
		</ul></div>
	</header>

	<div class="main" id="main">

		<noscript><section class="section">You need to enable JavaScript to use this page; sorry!</section></noscript>

	</div>

</div>

<script defer nomodule src="//play.pokemonshowdown.com/js/lib/ps-polyfill.js"></script>
<script defer src="//play.pokemonshowdown.com/js/lib/preact.min.js"></script>

<script defer src="//play.pokemonshowdown.com/config/config.js?2bddbc15"></script>
<script defer src="//play.pokemonshowdown.com/js/lib/jquery-1.11.0.min.js"></script>
<script defer src="//play.pokemonshowdown.com/js/lib/html-sanitizer-minified.js"></script>
<script defer src="//play.pokemonshowdown.com/js/battle-sound.js"></script>
<script defer src="//play.pokemonshowdown.com/js/battledata.js?0.7209276989879541"></script>
<script defer src="//play.pokemonshowdown.com/data/pokedex-mini.js?0.6111056340867951"></script>
<script defer src="//play.pokemonshowdown.com/data/pokedex-mini-bw.js?0.3532142036491459"></script>
<script defer src="//play.pokemonshowdown.com/data/graphics.js?0.24223875632456182"></script>
<script defer src="//play.pokemonshowdown.com/data/pokedex.js?0.38839984266356864"></script>
<script defer src="//play.pokemonshowdown.com/data/moves.js?0.21866028504024015"></script>
<script defer src="//play.pokemonshowdown.com/data/abilities.js?0.2005157953846628"></script>
<script defer src="//play.pokemonshowdown.com/data/items.js?0.9894211263848525"></script>
<script defer src="//play.pokemonshowdown.com/data/teambuilder-tables.js?0.6008791140282215"></script>
<script defer src="//play.pokemonshowdown.com/js/battle-tooltips.js?0.7580118955022959"></script>
<script defer src="//play.pokemonshowdown.com/js/battle.js?0.6057722274234274"></script>

<script defer src="js/utils.js?e31f9a17"></script>
<script defer src="js/replays-battle.js?7008c182"></script>

<!-- don't scrape this data! just add .json or .log after the URL!
Full API docs: https://github.com/smogon/pokemon-showdown-client/blob/master/WEB-API.md -->
<script type="text/plain" class="log" id="replaylog-smogtours-gen3ou-798953">
|inactive|Battle timer is ON: inactive players will automatically lose when time's up.
|t:|1729018842
|gametype|singles
|player|p1|Mulikki|1|
|player|p2|Strawbbz|silver-gen2|
|teamsize|p1|6
|teamsize|p2|6
|gen|3
|tier|[Gen 3] OU
|rule|Sleep Clause Mod: Limit one foe put to sleep
|rule|Switch Priority Clause Mod: Faster Pokémon switch first
|rule|Species Clause: Limit one of each Pokémon
|rule|OHKO Clause: OHKO moves are banned
|rule|Evasion Items Clause: Evasion items are banned
|rule|Evasion Moves Clause: Evasion moves are banned
|rule|Endless Battle Clause: Forcing endless battles is banned
|rule|HP Percentage Mod: HP is shown in percentages
|rule|One Boost Passer Clause: Limit one Baton Passer that has a way to boost its stats
|rule|Freeze Clause Mod: Limit one foe frozen
|
|t:|1729018842
|start
|switch|p1a: Medicham|Medicham, M|100/100
|switch|p2a: Ohm's Law|Zapdos|100/100
|turn|1
|c|☆Strawbbz|glhf
|
|t:|1729018851
|move|p2a: Ohm's Law|Substitute|p2a: Ohm's Law
|-start|p2a: Ohm's Law|Substitute
|-damage|p2a: Ohm's Law|76/100
|move|p1a: Medicham|Rock Slide|p2a: Ohm's Law
|-supereffective|p2a: Ohm's Law
|-end|p2a: Ohm's Law|Substitute
|
|-heal|p2a: Ohm's Law|82/100|[from] item: Leftovers
|upkeep
|turn|2
|
|t:|1729018860
|switch|p2a: Make a Wish|Jirachi|100/100
|move|p1a: Medicham|Rock Slide|p2a: Make a Wish
|-resisted|p2a: Make a Wish
|-damage|p2a: Make a Wish|76/100
|
|-heal|p2a: Make a Wish|82/100|[from] item: Leftovers
|upkeep
|turn|3
|
|t:|1729018877
|switch|p1a: Snorlax|Snorlax, F|100/100
|move|p2a: Make a Wish|Fire Punch|p1a: Snorlax
|-damage|p1a: Snorlax|87/100
|
|-heal|p2a: Make a Wish|88/100|[from] item: Leftovers
|-heal|p1a: Snorlax|93/100|[from] item: Leftovers
|upkeep
|turn|4
|
|t:|1729018888
|switch|p2a: Kurt Cobain|Gengar, M|100/100
|move|p1a: Snorlax|Body Slam|p2a: Kurt Cobain
|-immune|p2a: Kurt Cobain
|
|-heal|p1a: Snorlax|99/100|[from] item: Leftovers
|upkeep
|turn|5
|
|t:|1729018903
|move|p2a: Kurt Cobain|Thunderbolt|p1a: Snorlax
|-damage|p1a: Snorlax|77/100
|move|p1a: Snorlax|Shadow Ball|p2a: Kurt Cobain
|-supereffective|p2a: Kurt Cobain
|-damage|p2a: Kurt Cobain|0 fnt
|faint|p2a: Kurt Cobain
|
|t:|1729018908
|switch|p2a: Make a Wish|Jirachi|88/100
|
|-heal|p2a: Make a Wish|95/100|[from] item: Leftovers
|-heal|p1a: Snorlax|83/100|[from] item: Leftovers
|upkeep
|turn|6
|
|t:|1729018923
|switch|p1a: Swampert|Swampert, M|100/100
|move|p2a: Make a Wish|Fire Punch|p1a: Swampert
|-resisted|p1a: Swampert
|-damage|p1a: Swampert|88/100
|
|-heal|p2a: Make a Wish|100/100|[from] item: Leftovers
|-heal|p1a: Swampert|95/100|[from] item: Leftovers
|upkeep
|turn|7
|
|t:|1729018935
|switch|p2a: Ohm's Law|Zapdos|82/100
|move|p1a: Swampert|Hydro Pump|p2a: Ohm's Law
|-damage|p2a: Ohm's Law|17/100
|
|-heal|p2a: Ohm's Law|23/100|[from] item: Leftovers
|-heal|p1a: Swampert|100/100|[from] item: Leftovers
|upkeep
|turn|8
|
|t:|1729018944
|move|p1a: Swampert|Protect|p1a: Swampert
|-singleturn|p1a: Swampert|Protect
|move|p2a: Ohm's Law|Hidden Power|p1a: Swampert
|-activate|p1a: Swampert|Protect
|
|-heal|p2a: Ohm's Law|30/100|[from] item: Leftovers
|upkeep
|turn|9
|
|t:|1729018954
|switch|p1a: Snorlax|Snorlax, F|83/100
|move|p2a: Ohm's Law|Thunderbolt|p1a: Snorlax
|-damage|p1a: Snorlax|51/100
|
|-heal|p2a: Ohm's Law|36/100|[from] item: Leftovers
|-heal|p1a: Snorlax|58/100|[from] item: Leftovers
|upkeep
|turn|10
|
|t:|1729018963
|move|p2a: Ohm's Law|Thunderbolt|p1a: Snorlax
|-damage|p1a: Snorlax|28/100
|move|p1a: Snorlax|Body Slam|p2a: Ohm's Law
|-damage|p2a: Ohm's Law|0 fnt
|faint|p2a: Ohm's Law
|
|t:|1729018967
|switch|p2a: Dugtrio|Dugtrio, F, shiny|100/100
|
|-heal|p1a: Snorlax|34/100|[from] item: Leftovers
|upkeep
|turn|11
|
|t:|1729018976
|move|p2a: Dugtrio|Earthquake|p1a: Snorlax
|-damage|p1a: Snorlax|0 fnt
|faint|p1a: Snorlax
|
|t:|1729018982
|switch|p1a: Skarmory|Skarmory, M|100/100
|
|upkeep
|turn|12
|
|t:|1729018987
|switch|p2a: Make a Wish|Jirachi|100/100
|move|p1a: Skarmory|Spikes|p2a: Make a Wish
|-sidestart|p2: Strawbbz|Spikes
|
|upkeep
|turn|13
|
|t:|1729018996
|move|p2a: Make a Wish|Fire Punch|p1a: Skarmory
|-supereffective|p1a: Skarmory
|-damage|p1a: Skarmory|61/100
|move|p1a: Skarmory|Spikes|p2a: Make a Wish
|-sidestart|p2: Strawbbz|Spikes
|
|-heal|p1a: Skarmory|67/100|[from] item: Leftovers
|upkeep
|turn|14
|
|t:|1729019006
|move|p2a: Make a Wish|Fire Punch|p1a: Skarmory
|-supereffective|p1a: Skarmory
|-damage|p1a: Skarmory|23/100
|-status|p1a: Skarmory|brn
|move|p1a: Skarmory|Spikes|p2a: Make a Wish
|-sidestart|p2: Strawbbz|Spikes
|
|-heal|p1a: Skarmory|29/100 brn|[from] item: Leftovers
|-damage|p1a: Skarmory|17/100 brn|[from] brn
|upkeep
|turn|15
|
|t:|1729019018
|move|p2a: Make a Wish|Fire Punch|p1a: Skarmory
|-supereffective|p1a: Skarmory
|-crit|p1a: Skarmory
|-damage|p1a: Skarmory|0 fnt
|faint|p1a: Skarmory
|
|t:|1729019024
|switch|p1a: Swampert|Swampert, M|100/100
|
|upkeep
|turn|16
|
|t:|1729019029
|switch|p2a: Sui|Suicune|100/100
|-damage|p2a: Sui|75/100|[from] Spikes
|move|p1a: Swampert|Earthquake|p2a: Sui
|-damage|p2a: Sui|42/100
|
|-heal|p2a: Sui|48/100|[from] item: Leftovers
|upkeep
|turn|17
|
|t:|1729019040
|move|p2a: Sui|Calm Mind|p2a: Sui
|-boost|p2a: Sui|spa|1
|-boost|p2a: Sui|spd|1
|move|p1a: Swampert|Earthquake|p2a: Sui
|-damage|p2a: Sui|14/100
|
|-heal|p2a: Sui|20/100|[from] item: Leftovers
|upkeep
|turn|18
|
|t:|1729019049
|move|p2a: Sui|Hidden Power|p1a: Swampert
|-supereffective|p1a: Swampert
|-damage|p1a: Swampert|0 fnt
|faint|p1a: Swampert
|
|t:|1729019053
|switch|p1a: Alakazam|Alakazam, M|100/100
|
|-heal|p2a: Sui|26/100|[from] item: Leftovers
|upkeep
|turn|19
|inactive|Strawbbz has 270 seconds left.
|
|t:|1729019093
|move|p1a: Alakazam|Hidden Power|p2a: Sui
|-supereffective|p2a: Sui
|-damage|p2a: Sui|0 fnt
|faint|p2a: Sui
|
|t:|1729019107
|switch|p2a: Make a Wish|Jirachi|100/100
|-damage|p2a: Make a Wish|76/100|[from] Spikes
|
|-heal|p2a: Make a Wish|82/100|[from] item: Leftovers
|upkeep
|turn|20
|
|t:|1729019114
|move|p1a: Alakazam|Fire Punch|p2a: Make a Wish
|-supereffective|p2a: Make a Wish
|-damage|p2a: Make a Wish|29/100
|move|p2a: Make a Wish|Calm Mind|p2a: Make a Wish
|-boost|p2a: Make a Wish|spa|1
|-boost|p2a: Make a Wish|spd|1
|
|-heal|p2a: Make a Wish|35/100|[from] item: Leftovers
|upkeep
|turn|21
|
|t:|1729019125
|move|p1a: Alakazam|Encore|p2a: Make a Wish
|-start|p2a: Make a Wish|Encore
|move|p2a: Make a Wish|Calm Mind|p2a: Make a Wish
|-boost|p2a: Make a Wish|spa|1
|-boost|p2a: Make a Wish|spd|1
|
|-heal|p2a: Make a Wish|41/100|[from] item: Leftovers
|upkeep
|turn|22
|
|t:|1729019135
|move|p1a: Alakazam|Fire Punch|p2a: Make a Wish
|-supereffective|p2a: Make a Wish
|-damage|p2a: Make a Wish|14/100
|move|p2a: Make a Wish|Calm Mind|p2a: Make a Wish
|-boost|p2a: Make a Wish|spa|1
|-boost|p2a: Make a Wish|spd|1
|
|-heal|p2a: Make a Wish|20/100|[from] item: Leftovers
|upkeep
|turn|23
|
|t:|1729019144
|move|p1a: Alakazam|Fire Punch|p2a: Make a Wish
|-supereffective|p2a: Make a Wish
|-damage|p2a: Make a Wish|0 fnt
|faint|p2a: Make a Wish
|
|t:|1729019146
|switch|p2a: Queendra|Kingdra, F, shiny|100/100
|-damage|p2a: Queendra|76/100|[from] Spikes
|
|upkeep
|turn|24
|
|t:|1729019159
|move|p1a: Alakazam|Psychic|p2a: Queendra
|-damage|p2a: Queendra|17/100
|move|p2a: Queendra|Rain Dance|p2a: Queendra
|-weather|RainDance
|
|-weather|RainDance|[upkeep]
|upkeep
|turn|25
|
|t:|1729019171
|move|p2a: Queendra|Hydro Pump|p1a: Alakazam
|-damage|p1a: Alakazam|0 fnt
|faint|p1a: Alakazam
|
|t:|1729019180
|switch|p1a: Gengar|Gengar, M|100/100
|
|-weather|RainDance|[upkeep]
|upkeep
|turn|26
|
|t:|1729019186
|move|p2a: Queendra|Hydro Pump|p1a: Gengar
|-damage|p1a: Gengar|0 fnt
|faint|p1a: Gengar
|
|t:|1729019190
|switch|p1a: Medicham|Medicham, M|100/100
|
|-weather|RainDance|[upkeep]
|upkeep
|turn|27
|
|t:|1729019197
|move|p2a: Queendra|Hydro Pump|p1a: Medicham
|-damage|p1a: Medicham|0 fnt
|faint|p1a: Medicham
|
|win|Strawbbz
|c|☆Strawbbz|gg
|c|☆Mulikki|Gg

</script>
<script type="application/json" class="data" id="replaydata-smogtours-gen3ou-798953">
{"id":"smogtours-gen3ou-798953","format":"[Gen 3] OU","players":["Mulikki","Strawbbz"],"uploadtime":1729019197,"views":92,"formatid":"gen3ou","rating":null,"private":0,"password":null}
</script>

<script defer src="js/replays.js?9d40a366"></script>
