<!DOCTYPE html>
<meta charset="utf-8" />
<meta name="viewport" content="width=device-width" />

<title>[Gen 3] OU: caraccident65278 vs. Bedal Roscoe - Replays - Pok&eacute;mon Showdown!</title>

<meta name="description" content="Watch a replay of a Pok&eacute;mon battle between caraccident65278 and Bedal Roscoe! Format: [Gen 3] OU; Date: Oct 2, 2024" />
<!--

Hey, you! Looking in the source for the replay log?

You can find them in JSON format, just add `.json` at the end of a replay URL.

https://replay.pokemonshowdown.com/gen7randomdoublesbattle-865046831.json

Or, if you only need the log itself, add `.log` instead:

https://replay.pokemonshowdown.com/gen7randomdoublesbattle-865046831.log

-->

<link rel="stylesheet" href="//pokemonshowdown.com/style/global.css?0.023195364461161105" />
<link rel="stylesheet" href="//play.pokemonshowdown.com/style/font-awesome.css?0.13261647063804238" />
<link rel="stylesheet" href="//play.pokemonshowdown.com/style/battle.css?0.8753245789963631" />
<link rel="stylesheet" href="//play.pokemonshowdown.com/style/utilichart.css?0.8627959624976733" />

<!-- Global site tag (gtag.js) - Google Analytics -->
<script async src="https://www.googletagmanager.com/gtag/js?id=UA-26211653-1"></script>
<script>
  window.dataLayer = window.dataLayer || [];
  function gtag(){dataLayer.push(arguments);}
  gtag('js', new Date());

  gtag('config', 'UA-26211653-1');
</script>
<!-- End Google Analytics -->
<!-- Venatus Ad Manager - Install in <HEAD> of page -->
	<script src="https://hb.vntsm.com/v3/live/ad-manager.min.js" type="text/javascript" data-site-id="642aba63ec9a7b11c3c9c1be" data-mode="scan" async></script>
<!-- / Venatus Ad Manager -->

<style>
	@media (max-width:820px) {
		.battle {
			margin: 0 auto;
		}
		.battle-log {
			margin: 7px auto 0;
			max-width: 640px;
			height: 300px;
			position: static;
		}
	}
	.optgroup {
		display: inline-block;
		line-height: 22px;
		font-size: 10pt;
	}
	.optgroup .button {
		height: 25px;
		padding-top: 0;
		padding-bottom: 0;
	}
	.optgroup button.button {
		padding-left: 12px;
		padding-right: 12px;
	}
	.linklist {
		list-style: none;
		margin: 0.5em 0;
		padding: 0;
	}
	.linklist li {
		padding: 2px 0;
	}
	.sidebar {
		float: left;
		width: 320px;
	}
	.bar-wrapper {
		max-width: 1100px;
		margin: 0 auto;
	}
	.bar-wrapper.has-sidebar {
		max-width: 1430px;
	}
	.mainbar {
		margin: 0;
		padding-right: 1px;
	}
	.mainbar.has-sidebar {
		margin-left: 330px;
	}
	@media (min-width: 1511px) {
		.sidebar {
			width: 400px;
		}
		.bar-wrapper.has-sidebar {
			max-width: 1510px;
		}
		.mainbar.has-sidebar {
			margin-left: 410px;
		}
	}
	.section.first-section {
		margin-top: 9px;
	}
	.blocklink small {
		white-space: normal;
	}
	.button {
		vertical-align: middle;
	}
	.replay-controls {
		padding-top: 10px;
	}
	.replay-controls h1 {
		font-size: 16pt;
		font-weight: normal;
		color: #CCC;
	}
	.pagelink {
		text-align: center;
	}
	.pagelink a {
		width: 150px;
	}
	.textbox, .button {
		font-size: 11pt;
		vertical-align: middle;
	}
	@media (max-width: 450px) {
		.button {
			font-size: 9pt;
		}
	}
</style>

<div>

	<header>
		<div class="nav-wrapper"><ul class="nav">
			<li><a class="button nav-first" href="//pokemonshowdown.com/"><img src="//pokemonshowdown.com/images/pokemonshowdownbeta.png" srcset="//pokemonshowdown.com/images/pokemonshowdownbeta.png 1x, //pokemonshowdown.com/images/pokemonshowdownbeta@2x.png 2x" alt="Pok&eacute;mon Showdown" width="146" height="44" /> Home</a></li>
			<li><a class="button" href="//pokemonshowdown.com/dex/">Pok&eacute;dex</a></li>
			<li><a class="button cur" href="/">Replays</a></li>
			<li><a class="button" href="//pokemonshowdown.com/ladder/">Ladder</a></li>
			<li><a class="button nav-last" href="//pokemonshowdown.com/forums/">Forum</a></li>
			<li><a class="button greenbutton nav-first nav-last" href="//play.pokemonshowdown.com/">Play</a></li>
		</ul></div>
	</header>

	<div class="main" id="main">

		<noscript><section class="section">You need to enable JavaScript to use this page; sorry!</section></noscript>

	</div>

</div>

<script defer nomodule src="//play.pokemonshowdown.com/js/lib/ps-polyfill.js"></script>
<script defer src="//play.pokemonshowdown.com/js/lib/preact.min.js"></script>

<script defer src="//play.pokemonshowdown.com/config/config.js?2bddbc15"></script>
<script defer src="//play.pokemonshowdown.com/js/lib/jquery-1.11.0.min.js"></script>
<script defer src="//play.pokemonshowdown.com/js/lib/html-sanitizer-minified.js"></script>
<script defer src="//play.pokemonshowdown.com/js/battle-sound.js"></script>
<script defer src="//play.pokemonshowdown.com/js/battledata.js?0.7209276989879541"></script>
<script defer src="//play.pokemonshowdown.com/data/pokedex-mini.js?0.6111056340867951"></script>
<script defer src="//play.pokemonshowdown.com/data/pokedex-mini-bw.js?0.3532142036491459"></script>
<script defer src="//play.pokemonshowdown.com/data/graphics.js?0.24223875632456182"></script>
<script defer src="//play.pokemonshowdown.com/data/pokedex.js?0.38839984266356864"></script>
<script defer src="//play.pokemonshowdown.com/data/moves.js?0.21866028504024015"></script>
<script defer src="//play.pokemonshowdown.com/data/abilities.js?0.2005157953846628"></script>
<script defer src="//play.pokemonshowdown.com/data/items.js?0.9894211263848525"></script>
<script defer src="//play.pokemonshowdown.com/data/teambuilder-tables.js?0.6008791140282215"></script>
<script defer src="//play.pokemonshowdown.com/js/battle-tooltips.js?0.7580118955022959"></script>
<script defer src="//play.pokemonshowdown.com/js/battle.js?0.6057722274234274"></script>

<script defer src="js/utils.js?e31f9a17"></script>
<script defer src="js/replays-battle.js?7008c182"></script>

<!-- don't scrape this data! just add .json or .log after the URL!
Full API docs: https://github.com/smogon/pokemon-showdown-client/blob/master/WEB-API.md -->
<script type="text/plain" class="log" id="replaylog-smogtours-gen3ou-793993">
|inactive|Battle timer is ON: inactive players will automatically lose when time's up.
|t:|1727892825
|gametype|singles
|player|p1|caraccident65278|266|
|player|p2|Bedal Roscoe|sabrina-gen1|
|teamsize|p1|6
|teamsize|p2|6
|gen|3
|tier|[Gen 3] OU
|rule|Sleep Clause Mod: Limit one foe put to sleep
|rule|Switch Priority Clause Mod: Faster Pokémon switch first
|rule|Species Clause: Limit one of each Pokémon
|rule|OHKO Clause: OHKO moves are banned
|rule|Evasion Items Clause: Evasion items are banned
|rule|Evasion Moves Clause: Evasion moves are banned
|rule|Endless Battle Clause: Forcing endless battles is banned
|rule|HP Percentage Mod: HP is shown in percentages
|rule|One Boost Passer Clause: Limit one Baton Passer that has a way to boost its stats
|rule|Freeze Clause Mod: Limit one foe frozen
|
|t:|1727892825
|start
|switch|p1a: Blaziken|Blaziken, F|100/100
|switch|p2a: Tyranitar|Tyranitar, M|100/100
|-weather|Sandstorm|[from] ability: Sand Stream|[of] p2a: Tyranitar
|turn|1
|c|☆Bedal Roscoe|glhf
|c|☆caraccident65278|gl
|inactive|Bedal Roscoe has 270 seconds left.
|inactive|Bedal Roscoe has 240 seconds left.
|
|t:|1727892897
|switch|p2a: Gengar|Gengar, F|100/100
|move|p1a: Blaziken|Sky Uppercut|p2a: Gengar
|-immune|p2a: Gengar
|
|-weather|Sandstorm|[upkeep]
|-damage|p2a: Gengar|94/100|[from] Sandstorm
|-damage|p1a: Blaziken|94/100|[from] Sandstorm
|-heal|p2a: Gengar|100/100|[from] item: Leftovers
|upkeep
|turn|2
|
|t:|1727892916
|switch|p1a: Metagross|Metagross|100/100
|move|p2a: Gengar|Thunderbolt|p1a: Metagross
|-damage|p1a: Metagross|71/100
|
|-weather|Sandstorm|[upkeep]
|-damage|p2a: Gengar|94/100|[from] Sandstorm
|-heal|p2a: Gengar|100/100|[from] item: Leftovers
|-heal|p1a: Metagross|77/100|[from] item: Leftovers
|upkeep
|turn|3
|
|t:|1727892932
|switch|p2a: Skarmory|Skarmory, F|100/100
|move|p1a: Metagross|Psychic|p2a: Skarmory
|-resisted|p2a: Skarmory
|-damage|p2a: Skarmory|80/100
|
|-weather|Sandstorm|[upkeep]
|-heal|p2a: Skarmory|86/100|[from] item: Leftovers
|-heal|p1a: Metagross|83/100|[from] item: Leftovers
|upkeep
|turn|4
|
|t:|1727892949
|switch|p1a: Blaziken|Blaziken, F|94/100
|move|p2a: Skarmory|Spikes|p1a: Blaziken
|-sidestart|p1: caraccident65278|Spikes
|
|-weather|Sandstorm|[upkeep]
|-damage|p1a: Blaziken|88/100|[from] Sandstorm
|-heal|p2a: Skarmory|92/100|[from] item: Leftovers
|upkeep
|turn|5
|inactive|Bedal Roscoe has 270 seconds left.
|
|t:|1727892972
|switch|p2a: Swampert|Swampert, F|100/100
|move|p1a: Blaziken|Fire Blast|p2a: Swampert
|-resisted|p2a: Swampert
|-damage|p2a: Swampert|74/100
|
|-weather|Sandstorm|[upkeep]
|-damage|p1a: Blaziken|82/100|[from] Sandstorm
|-heal|p2a: Swampert|80/100|[from] item: Leftovers
|upkeep
|turn|6
|inactive|Bedal Roscoe has 270 seconds left.
|
|t:|1727893000
|switch|p2a: Zapdos|Zapdos|100/100
|move|p1a: Blaziken|Hidden Power|p2a: Zapdos
|-resisted|p2a: Zapdos
|-damage|p2a: Zapdos|89/100
|
|-weather|Sandstorm|[upkeep]
|-damage|p2a: Zapdos|82/100|[from] Sandstorm
|-damage|p1a: Blaziken|76/100|[from] Sandstorm
|-heal|p2a: Zapdos|89/100|[from] item: Leftovers
|upkeep
|turn|7
|
|t:|1727893016
|switch|p1a: Swampert|Swampert, F|100/100
|-damage|p1a: Swampert|88/100|[from] Spikes
|move|p2a: Zapdos|Thunderbolt|p1a: Swampert
|-immune|p1a: Swampert
|
|-weather|Sandstorm|[upkeep]
|-damage|p2a: Zapdos|82/100|[from] Sandstorm
|-heal|p2a: Zapdos|89/100|[from] item: Leftovers
|-heal|p1a: Swampert|94/100|[from] item: Leftovers
|upkeep
|turn|8
|inactive|Bedal Roscoe has 240 seconds left.
|
|t:|1727893047
|switch|p2a: Skarmory|Skarmory, F|92/100
|switch|p1a: Snorlax|Snorlax, M|100/100
|-damage|p1a: Snorlax|88/100|[from] Spikes
|
|-weather|Sandstorm|[upkeep]
|-damage|p1a: Snorlax|82/100|[from] Sandstorm
|-heal|p2a: Skarmory|98/100|[from] item: Leftovers
|-heal|p1a: Snorlax|88/100|[from] item: Leftovers
|upkeep
|turn|9
|
|t:|1727893064
|switch|p1a: Blaziken|Blaziken, F|76/100
|-damage|p1a: Blaziken|63/100|[from] Spikes
|move|p2a: Skarmory|Spikes|p1a: Blaziken
|-sidestart|p1: caraccident65278|Spikes
|
|-weather|Sandstorm|[upkeep]
|-damage|p1a: Blaziken|57/100|[from] Sandstorm
|-heal|p2a: Skarmory|100/100|[from] item: Leftovers
|upkeep
|turn|10
|inactive|Bedal Roscoe has 240 seconds left.
|
|t:|1727893072
|move|p1a: Blaziken|Toxic|p2a: Skarmory
|-immune|p2a: Skarmory
|move|p2a: Skarmory|Drill Peck|p1a: Blaziken
|-supereffective|p1a: Blaziken
|-damage|p1a: Blaziken|0 fnt
|faint|p1a: Blaziken
|
|t:|1727893081
|switch|p1a: Zapdos|Zapdos|100/100
|
|-weather|Sandstorm|[upkeep]
|-damage|p1a: Zapdos|94/100|[from] Sandstorm
|-heal|p1a: Zapdos|100/100|[from] item: Leftovers
|upkeep
|turn|11
|inactive|Bedal Roscoe has 240 seconds left.
|
|t:|1727893112
|switch|p2a: Swampert|Swampert, F|80/100
|move|p1a: Zapdos|Substitute|p1a: Zapdos
|-start|p1a: Zapdos|Substitute
|-damage|p1a: Zapdos|76/100
|
|-weather|Sandstorm|[upkeep]
|-damage|p1a: Zapdos|69/100|[from] Sandstorm
|-heal|p1a: Zapdos|76/100|[from] item: Leftovers
|-heal|p2a: Swampert|86/100|[from] item: Leftovers
|upkeep
|turn|12
|
|t:|1727893122
|move|p1a: Zapdos|Toxic|p2a: Swampert
|-status|p2a: Swampert|tox
|move|p2a: Swampert|Surf|p1a: Zapdos
|-end|p1a: Zapdos|Substitute
|
|-weather|Sandstorm|[upkeep]
|-damage|p1a: Zapdos|69/100|[from] Sandstorm
|-heal|p1a: Zapdos|76/100|[from] item: Leftovers
|-heal|p2a: Swampert|92/100 tox|[from] item: Leftovers
|-damage|p2a: Swampert|86/100 tox|[from] psn
|upkeep
|turn|13
|
|t:|1727893137
|switch|p1a: Snorlax|Snorlax, M|88/100
|-damage|p1a: Snorlax|72/100|[from] Spikes
|move|p2a: Swampert|Refresh|p2a: Swampert
|-curestatus|p2a: Swampert|tox|[msg]
|
|-weather|Sandstorm|[upkeep]
|-damage|p1a: Snorlax|65/100|[from] Sandstorm
|-heal|p2a: Swampert|92/100|[from] item: Leftovers
|-heal|p1a: Snorlax|72/100|[from] item: Leftovers
|upkeep
|turn|14
|inactive|Bedal Roscoe has 240 seconds left.
|
|t:|1727893143
|switch|p2a: Skarmory|Skarmory, F|100/100
|move|p1a: Snorlax|Curse|p1a: Snorlax
|-unboost|p1a: Snorlax|spe|1
|-boost|p1a: Snorlax|atk|1
|-boost|p1a: Snorlax|def|1
|
|-weather|Sandstorm|[upkeep]
|-damage|p1a: Snorlax|65/100|[from] Sandstorm
|-heal|p1a: Snorlax|72/100|[from] item: Leftovers
|upkeep
|turn|15
|
|t:|1727893147
|move|p1a: Snorlax|Self-Destruct|p2a: Skarmory
|-resisted|p2a: Skarmory
|-damage|p2a: Skarmory|0 fnt
|faint|p1a: Snorlax
|faint|p2a: Skarmory
|inactive|Bedal Roscoe has 240 seconds left.
|
|t:|1727893185
|switch|p2a: Swampert|Swampert, F|92/100
|switch|p1a: Metagross|Metagross|83/100
|-damage|p1a: Metagross|66/100|[from] Spikes
|
|-weather|Sandstorm|[upkeep]
|-heal|p1a: Metagross|72/100|[from] item: Leftovers
|-heal|p2a: Swampert|98/100|[from] item: Leftovers
|upkeep
|turn|16
|
|t:|1727893197
|move|p2a: Swampert|Protect|p2a: Swampert
|-singleturn|p2a: Swampert|Protect
|move|p1a: Metagross|Psychic|p2a: Swampert
|-activate|p2a: Swampert|Protect
|
|-weather|Sandstorm|[upkeep]
|-heal|p1a: Metagross|78/100|[from] item: Leftovers
|-heal|p2a: Swampert|100/100|[from] item: Leftovers
|upkeep
|turn|17
|
|t:|1727893221
|switch|p2a: Zapdos|Zapdos|89/100
|move|p1a: Metagross|Psychic|p2a: Zapdos
|-crit|p2a: Zapdos
|-damage|p2a: Zapdos|5/100
|
|-weather|Sandstorm|[upkeep]
|-damage|p2a: Zapdos|0 fnt|[from] Sandstorm
|faint|p2a: Zapdos
|-heal|p1a: Metagross|84/100|[from] item: Leftovers
|upkeep
|inactive|Bedal Roscoe has 210 seconds left.
|
|t:|1727893240
|switch|p2a: Swampert|Swampert, F|100/100
|turn|18
|
|t:|1727893252
|move|p1a: Metagross|Psychic|p2a: Swampert
|-crit|p2a: Swampert
|-damage|p2a: Swampert|28/100
|move|p2a: Swampert|Surf|p1a: Metagross
|-damage|p1a: Metagross|38/100
|
|-weather|Sandstorm|[upkeep]
|-heal|p1a: Metagross|44/100|[from] item: Leftovers
|-heal|p2a: Swampert|34/100|[from] item: Leftovers
|upkeep
|turn|19
|c|☆caraccident65278|mb
|
|t:|1727893263
|move|p2a: Swampert|Protect|p2a: Swampert
|-singleturn|p2a: Swampert|Protect
|move|p1a: Metagross|Psychic|p2a: Swampert
|-activate|p2a: Swampert|Protect
|
|-weather|Sandstorm|[upkeep]
|-heal|p1a: Metagross|50/100|[from] item: Leftovers
|-heal|p2a: Swampert|40/100|[from] item: Leftovers
|upkeep
|turn|20
|
|t:|1727893291
|move|p1a: Metagross|Explosion|p2a: Swampert
|-damage|p2a: Swampert|0 fnt
|faint|p1a: Metagross
|faint|p2a: Swampert
|
|t:|1727893310
|switch|p1a: Zapdos|Zapdos|76/100
|switch|p2a: Gengar|Gengar, F|100/100
|
|-weather|Sandstorm|[upkeep]
|-damage|p1a: Zapdos|69/100|[from] Sandstorm
|-damage|p2a: Gengar|94/100|[from] Sandstorm
|-heal|p1a: Zapdos|76/100|[from] item: Leftovers
|-heal|p2a: Gengar|100/100|[from] item: Leftovers
|upkeep
|turn|21
|inactive|Bedal Roscoe has 210 seconds left.
|
|t:|1727893326
|move|p1a: Zapdos|Thunderbolt|p2a: Gengar
|-damage|p2a: Gengar|49/100
|move|p2a: Gengar|Ice Punch|p1a: Zapdos
|-supereffective|p1a: Zapdos
|-damage|p1a: Zapdos|23/100
|-status|p1a: Zapdos|frz
|
|-weather|Sandstorm|[upkeep]
|-damage|p1a: Zapdos|17/100 frz|[from] Sandstorm
|-damage|p2a: Gengar|42/100|[from] Sandstorm
|-heal|p1a: Zapdos|23/100 frz|[from] item: Leftovers
|-heal|p2a: Gengar|49/100|[from] item: Leftovers
|upkeep
|turn|22
|inactive|Bedal Roscoe has 210 seconds left.
|
|t:|1727893338
|-curestatus|p1a: Zapdos|frz|[msg]
|move|p1a: Zapdos|Thunderbolt|p2a: Gengar
|-damage|p2a: Gengar|0 fnt
|faint|p2a: Gengar
|inactive|Bedal Roscoe has 210 seconds left.
|inactive|Bedal Roscoe has 180 seconds left.
|
|t:|1727893376
|switch|p2a: Aerodactyl|Aerodactyl, F|100/100
|
|-weather|Sandstorm|[upkeep]
|-damage|p1a: Zapdos|17/100|[from] Sandstorm
|-heal|p1a: Zapdos|23/100|[from] item: Leftovers
|upkeep
|turn|23
|inactive|Bedal Roscoe has 180 seconds left.
|
|t:|1727893392
|move|p2a: Aerodactyl|Double-Edge|p1a: Zapdos
|-damage|p1a: Zapdos|0 fnt
|faint|p1a: Zapdos
|inactive|caraccident65278 has 270 seconds left.
|
|t:|1727893414
|switch|p1a: Tyranitar|Tyranitar, M|100/100
|-damage|p1a: Tyranitar|84/100|[from] Spikes
|
|-weather|Sandstorm|[upkeep]
|upkeep
|turn|24
|
|t:|1727893418
|switch|p2a: Tyranitar|Tyranitar, M|100/100
|move|p1a: Tyranitar|Dragon Dance|p1a: Tyranitar
|-boost|p1a: Tyranitar|atk|1
|-boost|p1a: Tyranitar|spe|1
|
|-weather|Sandstorm|[upkeep]
|upkeep
|turn|25
|inactive|caraccident65278 has 270 seconds left.
|inactive|Bedal Roscoe has 180 seconds left.
|
|t:|1727893449
|move|p1a: Tyranitar|Dragon Dance|p1a: Tyranitar
|-boost|p1a: Tyranitar|atk|1
|-boost|p1a: Tyranitar|spe|1
|move|p2a: Tyranitar|Earthquake|p1a: Tyranitar
|-supereffective|p1a: Tyranitar
|-damage|p1a: Tyranitar|18/100
|
|-weather|Sandstorm|[upkeep]
|upkeep
|turn|26
|inactive|caraccident65278 has 270 seconds left.
|inactive|Bedal Roscoe has 180 seconds left.
|inactive|Bedal Roscoe has 150 seconds left.
|
|t:|1727893487
|switch|p2a: Aerodactyl|Aerodactyl, F|100/100
|move|p1a: Tyranitar|Earthquake|p2a: Aerodactyl
|-immune|p2a: Aerodactyl
|
|-weather|Sandstorm|[upkeep]
|upkeep
|turn|27
|
|t:|1727893493
|move|p1a: Tyranitar|Rock Slide|p2a: Aerodactyl
|-supereffective|p2a: Aerodactyl
|-damage|p2a: Aerodactyl|0 fnt
|faint|p2a: Aerodactyl
|
|t:|1727893498
|switch|p2a: Tyranitar|Tyranitar, M|100/100
|
|-weather|Sandstorm|[upkeep]
|upkeep
|turn|28
|
|t:|1727893505
|move|p1a: Tyranitar|Earthquake|p2a: Tyranitar
|-supereffective|p2a: Tyranitar
|-damage|p2a: Tyranitar|0 fnt
|faint|p2a: Tyranitar
|
|win|caraccident65278
|c|☆Bedal Roscoe|gg
|c|☆caraccident65278|gg

</script>
<script type="application/json" class="data" id="replaydata-smogtours-gen3ou-793993">
{"id":"smogtours-gen3ou-793993","format":"[Gen 3] OU","players":["caraccident65278","Bedal Roscoe"],"uploadtime":1727893505,"views":132,"formatid":"gen3ou","rating":null,"private":0,"password":null}
</script>

<script defer src="js/replays.js?9d40a366"></script>
