<!DOCTYPE html>
<meta charset="utf-8" />
<meta name="viewport" content="width=device-width" />

<title>[Gen 3] OU: FunkyCop1998 vs. Donly Phans - Replays - Pok&eacute;mon Showdown!</title>

<meta name="description" content="Watch a replay of a Pok&eacute;mon battle between FunkyCop1998 and Donly Phans! Format: [Gen 3] OU; Date: Oct 6, 2024" />
<!--

Hey, you! Looking in the source for the replay log?

You can find them in JSON format, just add `.json` at the end of a replay URL.

https://replay.pokemonshowdown.com/gen7randomdoublesbattle-865046831.json

Or, if you only need the log itself, add `.log` instead:

https://replay.pokemonshowdown.com/gen7randomdoublesbattle-865046831.log

-->

<link rel="stylesheet" href="//pokemonshowdown.com/style/global.css?0.767286132409787" />
<link rel="stylesheet" href="//play.pokemonshowdown.com/style/font-awesome.css?0.9266228007934947" />
<link rel="stylesheet" href="//play.pokemonshowdown.com/style/battle.css?0.7924700842790926" />
<link rel="stylesheet" href="//play.pokemonshowdown.com/style/utilichart.css?0.8777417872839479" />

<!-- Global site tag (gtag.js) - Google Analytics -->
<script async src="https://www.googletagmanager.com/gtag/js?id=UA-26211653-1"></script>
<script>
  window.dataLayer = window.dataLayer || [];
  function gtag(){dataLayer.push(arguments);}
  gtag('js', new Date());

  gtag('config', 'UA-26211653-1');
</script>
<!-- End Google Analytics -->
<!-- Venatus Ad Manager - Install in <HEAD> of page -->
	<script src="https://hb.vntsm.com/v3/live/ad-manager.min.js" type="text/javascript" data-site-id="642aba63ec9a7b11c3c9c1be" data-mode="scan" async></script>
<!-- / Venatus Ad Manager -->

<style>
	@media (max-width:820px) {
		.battle {
			margin: 0 auto;
		}
		.battle-log {
			margin: 7px auto 0;
			max-width: 640px;
			height: 300px;
			position: static;
		}
	}
	.optgroup {
		display: inline-block;
		line-height: 22px;
		font-size: 10pt;
	}
	.optgroup .button {
		height: 25px;
		padding-top: 0;
		padding-bottom: 0;
	}
	.optgroup button.button {
		padding-left: 12px;
		padding-right: 12px;
	}
	.linklist {
		list-style: none;
		margin: 0.5em 0;
		padding: 0;
	}
	.linklist li {
		padding: 2px 0;
	}
	.sidebar {
		float: left;
		width: 320px;
	}
	.bar-wrapper {
		max-width: 1100px;
		margin: 0 auto;
	}
	.bar-wrapper.has-sidebar {
		max-width: 1430px;
	}
	.mainbar {
		margin: 0;
		padding-right: 1px;
	}
	.mainbar.has-sidebar {
		margin-left: 330px;
	}
	@media (min-width: 1511px) {
		.sidebar {
			width: 400px;
		}
		.bar-wrapper.has-sidebar {
			max-width: 1510px;
		}
		.mainbar.has-sidebar {
			margin-left: 410px;
		}
	}
	.section.first-section {
		margin-top: 9px;
	}
	.blocklink small {
		white-space: normal;
	}
	.button {
		vertical-align: middle;
	}
	.replay-controls {
		padding-top: 10px;
	}
	.replay-controls h1 {
		font-size: 16pt;
		font-weight: normal;
		color: #CCC;
	}
	.pagelink {
		text-align: center;
	}
	.pagelink a {
		width: 150px;
	}
	.textbox, .button {
		font-size: 11pt;
		vertical-align: middle;
	}
	@media (max-width: 450px) {
		.button {
			font-size: 9pt;
		}
	}
</style>

<div>

	<header>
		<div class="nav-wrapper"><ul class="nav">
			<li><a class="button nav-first" href="//pokemonshowdown.com/"><img src="//pokemonshowdown.com/images/pokemonshowdownbeta.png" srcset="//pokemonshowdown.com/images/pokemonshowdownbeta.png 1x, //pokemonshowdown.com/images/pokemonshowdownbeta@2x.png 2x" alt="Pok&eacute;mon Showdown" width="146" height="44" /> Home</a></li>
			<li><a class="button" href="//pokemonshowdown.com/dex/">Pok&eacute;dex</a></li>
			<li><a class="button cur" href="/">Replays</a></li>
			<li><a class="button" href="//pokemonshowdown.com/ladder/">Ladder</a></li>
			<li><a class="button nav-last" href="//pokemonshowdown.com/forums/">Forum</a></li>
			<li><a class="button greenbutton nav-first nav-last" href="//play.pokemonshowdown.com/">Play</a></li>
		</ul></div>
	</header>

	<div class="main" id="main">

		<noscript><section class="section">You need to enable JavaScript to use this page; sorry!</section></noscript>

	</div>

</div>

<script defer nomodule src="//play.pokemonshowdown.com/js/lib/ps-polyfill.js"></script>
<script defer src="//play.pokemonshowdown.com/js/lib/preact.min.js"></script>

<script defer src="//play.pokemonshowdown.com/config/config.js?6dec07f6"></script>
<script defer src="//play.pokemonshowdown.com/js/lib/jquery-1.11.0.min.js"></script>
<script defer src="//play.pokemonshowdown.com/js/lib/html-sanitizer-minified.js"></script>
<script defer src="//play.pokemonshowdown.com/js/battle-sound.js"></script>
<script defer src="//play.pokemonshowdown.com/js/battledata.js?0.6315294753075389"></script>
<script defer src="//play.pokemonshowdown.com/data/pokedex-mini.js?0.7603743185311358"></script>
<script defer src="//play.pokemonshowdown.com/data/pokedex-mini-bw.js?0.030888842834281283"></script>
<script defer src="//play.pokemonshowdown.com/data/graphics.js?0.05593094747507488"></script>
<script defer src="//play.pokemonshowdown.com/data/pokedex.js?0.47064822249611904"></script>
<script defer src="//play.pokemonshowdown.com/data/moves.js?0.8583693120512459"></script>
<script defer src="//play.pokemonshowdown.com/data/abilities.js?0.16017181182386842"></script>
<script defer src="//play.pokemonshowdown.com/data/items.js?0.4163379185673943"></script>
<script defer src="//play.pokemonshowdown.com/data/teambuilder-tables.js?0.31075597372830477"></script>
<script defer src="//play.pokemonshowdown.com/js/battle-tooltips.js?0.6536193500708172"></script>
<script defer src="//play.pokemonshowdown.com/js/battle.js?0.1916591943277901"></script>

<script defer src="js/utils.js?e31f9a17"></script>
<script defer src="js/replays-battle.js?7008c182"></script>

<!-- don't scrape this data! just add .json or .log after the URL!
Full API docs: https://github.com/smogon/pokemon-showdown-client/blob/master/WEB-API.md -->
<script type="text/plain" class="log" id="replaylog-smogtours-gen3ou-795966">
|inactive|Battle timer is ON: inactive players will automatically lose when time's up.
|t:|1728246958
|gametype|singles
|player|p1|FunkyCop1998|266|
|player|p2|Donly Phans|noland-gen3|
|teamsize|p1|6
|teamsize|p2|6
|gen|3
|tier|[Gen 3] OU
|rule|Sleep Clause Mod: Limit one foe put to sleep
|rule|Switch Priority Clause Mod: Faster Pokémon switch first
|rule|Species Clause: Limit one of each Pokémon
|rule|OHKO Clause: OHKO moves are banned
|rule|Evasion Items Clause: Evasion items are banned
|rule|Evasion Moves Clause: Evasion moves are banned
|rule|Endless Battle Clause: Forcing endless battles is banned
|rule|HP Percentage Mod: HP is shown in percentages
|rule|One Boost Passer Clause: Limit one Baton Passer that has a way to boost its stats
|rule|Freeze Clause Mod: Limit one foe frozen
|
|t:|1728246958
|start
|switch|p1a: Metagross|Metagross|100/100
|switch|p2a: Draconian|Salamence, M|100/100
|-ability|p2a: Draconian|Intimidate|boost
|-fail|p1a: Metagross|unboost|[from] ability: Clear Body|[of] p1a: Metagross
|turn|1
|inactive|Donly Phans has 270 seconds left.
|inactive|FunkyCop1998 has 270 seconds left.
|
|t:|1728247010
|move|p1a: Metagross|Protect|p1a: Metagross
|-singleturn|p1a: Metagross|Protect
|move|p2a: Draconian|Earthquake|p1a: Metagross
|-activate|p1a: Metagross|Protect
|
|upkeep
|turn|2
|inactive|FunkyCop1998 has 270 seconds left.
|inactive|Donly Phans has 270 seconds left.
|
|t:|1728247049
|switch|p2a: Throuple|Magneton|100/100
|switch|p1a: Celebi|Celebi|100/100
|
|upkeep
|turn|3
|inactive|FunkyCop1998 has 270 seconds left.
|inactive|Donly Phans has 270 seconds left.
|inactive|FunkyCop1998 has 240 seconds left.
|
|t:|1728247104
|switch|p1a: Camerupt|Camerupt, F|100/100
|move|p2a: Throuple|Thunder Wave|p1a: Camerupt
|-immune|p1a: Camerupt
|
|upkeep
|turn|4
|
|t:|1728247143
|switch|p2a: 600lb Life|Snorlax, M|100/100
|move|p1a: Camerupt|Fire Blast|p2a: 600lb Life|[miss]
|-miss|p1a: Camerupt|p2a: 600lb Life
|
|upkeep
|turn|5
|
|t:|1728247162
|switch|p1a: Metagross|Metagross|100/100
|move|p2a: 600lb Life|Body Slam|p1a: Metagross
|-resisted|p1a: Metagross
|-damage|p1a: Metagross|89/100
|
|-heal|p1a: Metagross|95/100|[from] item: Leftovers
|upkeep
|turn|6
|inactive|Donly Phans has 240 seconds left.
|
|t:|1728247192
|move|p1a: Metagross|Meteor Mash|p2a: 600lb Life
|-damage|p2a: 600lb Life|63/100
|move|p2a: 600lb Life|Curse|p2a: 600lb Life
|-unboost|p2a: 600lb Life|spe|1
|-boost|p2a: 600lb Life|atk|1
|-boost|p2a: 600lb Life|def|1
|
|-heal|p1a: Metagross|100/100|[from] item: Leftovers
|-heal|p2a: 600lb Life|69/100|[from] item: Leftovers
|upkeep
|turn|7
|inactive|Donly Phans has 210 seconds left.
|
|t:|1728247241
|move|p1a: Metagross|Meteor Mash|p2a: 600lb Life
|-damage|p2a: 600lb Life|40/100
|move|p2a: 600lb Life|Body Slam|p1a: Metagross
|-resisted|p1a: Metagross
|-damage|p1a: Metagross|83/100
|-status|p1a: Metagross|par
|
|-heal|p2a: 600lb Life|46/100|[from] item: Leftovers
|-heal|p1a: Metagross|89/100 par|[from] item: Leftovers
|upkeep
|turn|8
|inactive|Donly Phans has 180 seconds left.
|
|t:|1728247271
|switch|p2a: Throuple|Magneton|100/100
|move|p1a: Metagross|Meteor Mash|p2a: Throuple
|-resisted|p2a: Throuple
|-damage|p2a: Throuple|85/100
|-boost|p1a: Metagross|atk|1
|
|-heal|p2a: Throuple|91/100|[from] item: Leftovers
|-heal|p1a: Metagross|95/100 par|[from] item: Leftovers
|upkeep
|turn|9
|
|t:|1728247280
|move|p1a: Metagross|Protect|p1a: Metagross
|-singleturn|p1a: Metagross|Protect
|move|p2a: Throuple|Thunderbolt|p1a: Metagross
|-activate|p1a: Metagross|Protect
|
|-heal|p2a: Throuple|97/100|[from] item: Leftovers
|-heal|p1a: Metagross|100/100 par|[from] item: Leftovers
|upkeep
|turn|10
|
|t:|1728247285
|move|p2a: Throuple|Thunderbolt|p1a: Metagross
|-damage|p1a: Metagross|52/100 par
|move|p1a: Metagross|Earthquake|p2a: Throuple
|-supereffective|p2a: Throuple
|-crit|p2a: Throuple
|-damage|p2a: Throuple|0 fnt
|faint|p2a: Throuple
|inactive|Donly Phans has 180 seconds left.
|
|t:|1728247317
|switch|p2a: Spinster|Claydol|100/100
|
|-heal|p1a: Metagross|58/100 par|[from] item: Leftovers
|upkeep
|turn|11
|inactive|FunkyCop1998 has 240 seconds left.
|
|t:|1728247352
|move|p2a: Spinster|Earthquake|p1a: Metagross
|-supereffective|p1a: Metagross
|-damage|p1a: Metagross|14/100 par
|move|p1a: Metagross|Explosion|p2a: Spinster
|-damage|p2a: Spinster|0 fnt
|faint|p1a: Metagross
|faint|p2a: Spinster
|
|t:|1728247378
|switch|p2a: Draconian|Salamence, M|100/100
|switch|p1a: Gyarados|Gyarados, M|100/100
|-ability|p2a: Draconian|Intimidate|boost
|-unboost|p1a: Gyarados|atk|1
|-ability|p1a: Gyarados|Intimidate|boost
|-unboost|p2a: Draconian|atk|1
|
|upkeep
|turn|12
|inactive|FunkyCop1998 has 210 seconds left.
|inactive|Donly Phans has 150 seconds left.
|inactive|Donly Phans has 120 seconds left.
|
|t:|1728247427
|switch|p1a: Magneton|Magneton|100/100
|move|p2a: Draconian|Hidden Power|p1a: Magneton
|-resisted|p1a: Magneton
|-damage|p1a: Magneton|87/100
|
|upkeep
|turn|13
|inactive|Donly Phans has 120 seconds left.
|
|t:|1728247445
|switch|p2a: Lil Stinker|Celebi|100/100
|move|p1a: Magneton|Thunder Wave|p2a: Lil Stinker
|-status|p2a: Lil Stinker|par
|
|upkeep
|turn|14
|inactive|Donly Phans has 120 seconds left.
|
|t:|1728247464
|move|p1a: Magneton|Hidden Power|p2a: Lil Stinker
|-supereffective|p2a: Lil Stinker
|-crit|p2a: Lil Stinker
|-damage|p2a: Lil Stinker|15/100 par
|cant|p2a: Lil Stinker|par
|
|-heal|p2a: Lil Stinker|21/100 par|[from] item: Leftovers
|upkeep
|turn|15
|
|t:|1728247474
|-curestatus|p2a: Lil Stinker|par|[from] ability: Natural Cure
|switch|p2a: 600lb Life|Snorlax, M|46/100
|move|p1a: Magneton|Hidden Power|p2a: 600lb Life
|-damage|p2a: 600lb Life|31/100
|
|-heal|p2a: 600lb Life|38/100|[from] item: Leftovers
|upkeep
|turn|16
|inactive|Donly Phans has 120 seconds left.
|
|t:|1728247508
|move|p1a: Magneton|Thunder Wave|p2a: 600lb Life
|-status|p2a: 600lb Life|par
|move|p2a: 600lb Life|Rest|p2a: 600lb Life
|-status|p2a: 600lb Life|slp|[from] move: Rest
|-heal|p2a: 600lb Life|100/100 slp|[silent]
|
|upkeep
|turn|17
|inactive|FunkyCop1998 has 210 seconds left.
|inactive|Donly Phans has 90 seconds left.
|
|t:|1728247535
|switch|p2a: Lil Stinker|Celebi|21/100
|move|p1a: Magneton|Thunderbolt|p2a: Lil Stinker
|-resisted|p2a: Lil Stinker
|-damage|p2a: Lil Stinker|0 fnt
|faint|p2a: Lil Stinker
|inactive|Donly Phans has 90 seconds left.
|
|t:|1728247568
|switch|p2a: Draconian|Salamence, M|100/100
|-ability|p2a: Draconian|Intimidate|boost
|-unboost|p1a: Magneton|atk|1
|
|upkeep
|turn|18
|inactive|Donly Phans has 60 seconds left.
|
|t:|1728247583
|switch|p2a: "Too Offensive"|Suicune|100/100
|switch|p1a: Celebi|Celebi|100/100
|
|upkeep
|turn|19
|inactive|Donly Phans has 60 seconds left.
|
|t:|1728247601
|move|p1a: Celebi|Calm Mind|p1a: Celebi
|-boost|p1a: Celebi|spa|1
|-boost|p1a: Celebi|spd|1
|move|p2a: "Too Offensive"|Roar|p1a: Celebi
|drag|p1a: Porygon2|Porygon2|100/100
|-ability|p1a: Porygon2|Pressure|[from] ability: Trace|[of] p2a: "Too Offensive"
|
|upkeep
|turn|20
|inactive|Donly Phans has 60 seconds left.
|
|t:|1728247631
|switch|p2a: 600lb Life|Snorlax, M|100/100 slp
|move|p1a: Porygon2|Thunder Wave||[still]
|-fail|p1a: Porygon2
|
|upkeep
|turn|21
|
|t:|1728247649
|switch|p1a: Magneton|Magneton|87/100
|cant|p2a: 600lb Life|slp
|
|upkeep
|turn|22
|
|t:|1728247656
|move|p1a: Magneton|Thunderbolt|p2a: 600lb Life
|-damage|p2a: 600lb Life|71/100 slp
|cant|p2a: 600lb Life|slp
|
|-heal|p2a: 600lb Life|77/100 slp|[from] item: Leftovers
|upkeep
|turn|23
|
|t:|1728247662
|move|p1a: Magneton|Thunderbolt|p2a: 600lb Life
|-damage|p2a: 600lb Life|44/100 slp
|-curestatus|p2a: 600lb Life|slp|[msg]
|move|p2a: 600lb Life|Body Slam|p1a: Magneton
|-resisted|p1a: Magneton
|-damage|p1a: Magneton|60/100
|
|-heal|p2a: 600lb Life|50/100|[from] item: Leftovers
|upkeep
|turn|24
|inactive|FunkyCop1998 has 240 seconds left.
|
|t:|1728247678
|move|p1a: Magneton|Thunderbolt|p2a: 600lb Life
|-damage|p2a: 600lb Life|17/100
|move|p2a: 600lb Life|Rest|p2a: 600lb Life
|-status|p2a: 600lb Life|slp|[from] move: Rest
|-heal|p2a: 600lb Life|100/100 slp|[silent]
|
|upkeep
|turn|25
|inactive|FunkyCop1998 has 240 seconds left.
|
|t:|1728247693
|move|p1a: Magneton|Thunderbolt|p2a: 600lb Life
|-damage|p2a: 600lb Life|70/100 slp
|cant|p2a: 600lb Life|slp
|
|-heal|p2a: 600lb Life|76/100 slp|[from] item: Leftovers
|upkeep
|turn|26
|
|t:|1728247707
|move|p1a: Magneton|Thunderbolt|p2a: 600lb Life
|-damage|p2a: 600lb Life|42/100 slp
|cant|p2a: 600lb Life|slp
|
|-heal|p2a: 600lb Life|49/100 slp|[from] item: Leftovers
|upkeep
|turn|27
|
|t:|1728247716
|move|p1a: Magneton|Thunderbolt|p2a: 600lb Life
|-damage|p2a: 600lb Life|16/100 slp
|-curestatus|p2a: 600lb Life|slp|[msg]
|move|p2a: 600lb Life|Body Slam|p1a: Magneton
|-resisted|p1a: Magneton
|-damage|p1a: Magneton|33/100
|
|-heal|p2a: 600lb Life|22/100|[from] item: Leftovers
|upkeep
|turn|28
|
|t:|1728247725
|move|p1a: Magneton|Thunderbolt|p2a: 600lb Life
|-damage|p2a: 600lb Life|0 fnt
|faint|p2a: 600lb Life
|
|t:|1728247745
|switch|p2a: "Too Offensive"|Suicune|100/100
|
|upkeep
|turn|29
|
|t:|1728247749
|move|p1a: Magneton|Thunderbolt|p2a: "Too Offensive"
|-supereffective|p2a: "Too Offensive"
|-damage|p2a: "Too Offensive"|8/100
|move|p2a: "Too Offensive"|Surf|p1a: Magneton
|-damage|p1a: Magneton|0 fnt
|faint|p1a: Magneton
|
|t:|1728247761
|switch|p1a: Gyarados|Gyarados, M|100/100
|-ability|p1a: Gyarados|Intimidate|boost
|-unboost|p2a: "Too Offensive"|atk|1
|
|-heal|p2a: "Too Offensive"|15/100|[from] item: Leftovers
|upkeep
|turn|30
|inactive|Donly Phans has 60 seconds left.
|inactive|FunkyCop1998 has 270 seconds left.
|c|☆Donly Phans|gg wp
|
|t:|1728247785
|move|p1a: Gyarados|Hidden Power|p2a: "Too Offensive"
|-damage|p2a: "Too Offensive"|0 fnt
|faint|p2a: "Too Offensive"
|
|t:|1728247789
|switch|p2a: Draconian|Salamence, M|100/100
|-ability|p2a: Draconian|Intimidate|boost
|-unboost|p1a: Gyarados|atk|1
|
|upkeep
|turn|31
|
|t:|1728247798
|switch|p1a: Celebi|Celebi|100/100
|move|p2a: Draconian|Hidden Power|p1a: Celebi
|-supereffective|p1a: Celebi
|-damage|p1a: Celebi|15/100
|
|-heal|p1a: Celebi|22/100|[from] item: Leftovers
|upkeep
|turn|32
|
|t:|1728247805
|switch|p1a: Gyarados|Gyarados, M|100/100
|-ability|p1a: Gyarados|Intimidate|boost
|-unboost|p2a: Draconian|atk|1
|move|p2a: Draconian|Hidden Power|p1a: Gyarados
|-damage|p1a: Gyarados|56/100
|
|-heal|p1a: Gyarados|62/100|[from] item: Leftovers
|upkeep
|turn|33
|
|t:|1728247821
|switch|p1a: Celebi|Celebi|22/100
|move|p2a: Draconian|Hidden Power|p1a: Celebi
|-supereffective|p1a: Celebi
|-damage|p1a: Celebi|0 fnt
|faint|p1a: Celebi
|c|☆FunkyCop1998|gg wp, sorry about the paralz and crit
|
|t:|1728247827
|switch|p1a: Gyarados|Gyarados, M|62/100
|-ability|p1a: Gyarados|Intimidate|boost
|-unboost|p2a: Draconian|atk|1
|
|-heal|p1a: Gyarados|68/100|[from] item: Leftovers
|upkeep
|turn|34
|
|t:|1728247838
|move|p2a: Draconian|Hidden Power|p1a: Gyarados
|-damage|p1a: Gyarados|36/100
|move|p1a: Gyarados|Dragon Dance|p1a: Gyarados
|-boost|p1a: Gyarados|atk|1
|-boost|p1a: Gyarados|spe|1
|
|-heal|p1a: Gyarados|42/100|[from] item: Leftovers
|upkeep
|turn|35
|
|t:|1728247843
|move|p1a: Gyarados|Hidden Power|p2a: Draconian
|-damage|p2a: Draconian|28/100
|move|p2a: Draconian|Hidden Power|p1a: Gyarados
|-damage|p1a: Gyarados|7/100
|
|-heal|p1a: Gyarados|13/100|[from] item: Leftovers
|upkeep
|turn|36
|
|t:|1728247849
|move|p1a: Gyarados|Hidden Power|p2a: Draconian
|-damage|p2a: Draconian|0 fnt
|faint|p2a: Draconian
|
|win|FunkyCop1998
|c|☆FunkyCop1998|wp, good luck further
|c|☆Donly Phans|Thanks 

</script>
<script type="application/json" class="data" id="replaydata-smogtours-gen3ou-795966">
{"id":"smogtours-gen3ou-795966","format":"[Gen 3] OU","players":["FunkyCop1998","Donly Phans"],"uploadtime":1728247849,"views":92,"formatid":"gen3ou","rating":null,"private":0,"password":null}
</script>

<script defer src="js/replays.js?9d40a366"></script>
