<!DOCTYPE html>
<meta charset="utf-8" />
<meta name="viewport" content="width=device-width" />

<title>[Gen 3] OU: Xurkiyee vs. Hummusfan - Replays - Pok&eacute;mon Showdown!</title>

<meta name="description" content="Watch a replay of a Pok&eacute;mon battle between Xurkiyee and Hummusfan! Format: [Gen 3] OU; Date: Oct 3, 2024" />
<!--

Hey, you! Looking in the source for the replay log?

You can find them in JSON format, just add `.json` at the end of a replay URL.

https://replay.pokemonshowdown.com/gen7randomdoublesbattle-865046831.json

Or, if you only need the log itself, add `.log` instead:

https://replay.pokemonshowdown.com/gen7randomdoublesbattle-865046831.log

-->

<link rel="stylesheet" href="//pokemonshowdown.com/style/global.css?0.023195364461161105" />
<link rel="stylesheet" href="//play.pokemonshowdown.com/style/font-awesome.css?0.13261647063804238" />
<link rel="stylesheet" href="//play.pokemonshowdown.com/style/battle.css?0.8753245789963631" />
<link rel="stylesheet" href="//play.pokemonshowdown.com/style/utilichart.css?0.8627959624976733" />

<!-- Global site tag (gtag.js) - Google Analytics -->
<script async src="https://www.googletagmanager.com/gtag/js?id=UA-26211653-1"></script>
<script>
  window.dataLayer = window.dataLayer || [];
  function gtag(){dataLayer.push(arguments);}
  gtag('js', new Date());

  gtag('config', 'UA-26211653-1');
</script>
<!-- End Google Analytics -->
<!-- Venatus Ad Manager - Install in <HEAD> of page -->
	<script src="https://hb.vntsm.com/v3/live/ad-manager.min.js" type="text/javascript" data-site-id="642aba63ec9a7b11c3c9c1be" data-mode="scan" async></script>
<!-- / Venatus Ad Manager -->

<style>
	@media (max-width:820px) {
		.battle {
			margin: 0 auto;
		}
		.battle-log {
			margin: 7px auto 0;
			max-width: 640px;
			height: 300px;
			position: static;
		}
	}
	.optgroup {
		display: inline-block;
		line-height: 22px;
		font-size: 10pt;
	}
	.optgroup .button {
		height: 25px;
		padding-top: 0;
		padding-bottom: 0;
	}
	.optgroup button.button {
		padding-left: 12px;
		padding-right: 12px;
	}
	.linklist {
		list-style: none;
		margin: 0.5em 0;
		padding: 0;
	}
	.linklist li {
		padding: 2px 0;
	}
	.sidebar {
		float: left;
		width: 320px;
	}
	.bar-wrapper {
		max-width: 1100px;
		margin: 0 auto;
	}
	.bar-wrapper.has-sidebar {
		max-width: 1430px;
	}
	.mainbar {
		margin: 0;
		padding-right: 1px;
	}
	.mainbar.has-sidebar {
		margin-left: 330px;
	}
	@media (min-width: 1511px) {
		.sidebar {
			width: 400px;
		}
		.bar-wrapper.has-sidebar {
			max-width: 1510px;
		}
		.mainbar.has-sidebar {
			margin-left: 410px;
		}
	}
	.section.first-section {
		margin-top: 9px;
	}
	.blocklink small {
		white-space: normal;
	}
	.button {
		vertical-align: middle;
	}
	.replay-controls {
		padding-top: 10px;
	}
	.replay-controls h1 {
		font-size: 16pt;
		font-weight: normal;
		color: #CCC;
	}
	.pagelink {
		text-align: center;
	}
	.pagelink a {
		width: 150px;
	}
	.textbox, .button {
		font-size: 11pt;
		vertical-align: middle;
	}
	@media (max-width: 450px) {
		.button {
			font-size: 9pt;
		}
	}
</style>

<div>

	<header>
		<div class="nav-wrapper"><ul class="nav">
			<li><a class="button nav-first" href="//pokemonshowdown.com/"><img src="//pokemonshowdown.com/images/pokemonshowdownbeta.png" srcset="//pokemonshowdown.com/images/pokemonshowdownbeta.png 1x, //pokemonshowdown.com/images/pokemonshowdownbeta@2x.png 2x" alt="Pok&eacute;mon Showdown" width="146" height="44" /> Home</a></li>
			<li><a class="button" href="//pokemonshowdown.com/dex/">Pok&eacute;dex</a></li>
			<li><a class="button cur" href="/">Replays</a></li>
			<li><a class="button" href="//pokemonshowdown.com/ladder/">Ladder</a></li>
			<li><a class="button nav-last" href="//pokemonshowdown.com/forums/">Forum</a></li>
			<li><a class="button greenbutton nav-first nav-last" href="//play.pokemonshowdown.com/">Play</a></li>
		</ul></div>
	</header>

	<div class="main" id="main">

		<noscript><section class="section">You need to enable JavaScript to use this page; sorry!</section></noscript>

	</div>

</div>

<script defer nomodule src="//play.pokemonshowdown.com/js/lib/ps-polyfill.js"></script>
<script defer src="//play.pokemonshowdown.com/js/lib/preact.min.js"></script>

<script defer src="//play.pokemonshowdown.com/config/config.js?2bddbc15"></script>
<script defer src="//play.pokemonshowdown.com/js/lib/jquery-1.11.0.min.js"></script>
<script defer src="//play.pokemonshowdown.com/js/lib/html-sanitizer-minified.js"></script>
<script defer src="//play.pokemonshowdown.com/js/battle-sound.js"></script>
<script defer src="//play.pokemonshowdown.com/js/battledata.js?0.7209276989879541"></script>
<script defer src="//play.pokemonshowdown.com/data/pokedex-mini.js?0.6111056340867951"></script>
<script defer src="//play.pokemonshowdown.com/data/pokedex-mini-bw.js?0.3532142036491459"></script>
<script defer src="//play.pokemonshowdown.com/data/graphics.js?0.24223875632456182"></script>
<script defer src="//play.pokemonshowdown.com/data/pokedex.js?0.38839984266356864"></script>
<script defer src="//play.pokemonshowdown.com/data/moves.js?0.21866028504024015"></script>
<script defer src="//play.pokemonshowdown.com/data/abilities.js?0.2005157953846628"></script>
<script defer src="//play.pokemonshowdown.com/data/items.js?0.9894211263848525"></script>
<script defer src="//play.pokemonshowdown.com/data/teambuilder-tables.js?0.6008791140282215"></script>
<script defer src="//play.pokemonshowdown.com/js/battle-tooltips.js?0.7580118955022959"></script>
<script defer src="//play.pokemonshowdown.com/js/battle.js?0.6057722274234274"></script>

<script defer src="js/utils.js?e31f9a17"></script>
<script defer src="js/replays-battle.js?7008c182"></script>

<!-- don't scrape this data! just add .json or .log after the URL!
Full API docs: https://github.com/smogon/pokemon-showdown-client/blob/master/WEB-API.md -->
<script type="text/plain" class="log" id="replaylog-smogtours-gen3ou-794310">
|inactive|Battle timer is ON: inactive players will automatically lose when time's up.
|t:|1727981807
|gametype|singles
|player|p1|Xurkiyee|169|
|player|p2|Hummusfan|102|
|teamsize|p1|6
|teamsize|p2|6
|gen|3
|tier|[Gen 3] OU
|rule|Sleep Clause Mod: Limit one foe put to sleep
|rule|Switch Priority Clause Mod: Faster Pokémon switch first
|rule|Species Clause: Limit one of each Pokémon
|rule|OHKO Clause: OHKO moves are banned
|rule|Evasion Items Clause: Evasion items are banned
|rule|Evasion Moves Clause: Evasion moves are banned
|rule|Endless Battle Clause: Forcing endless battles is banned
|rule|HP Percentage Mod: HP is shown in percentages
|rule|One Boost Passer Clause: Limit one Baton Passer that has a way to boost its stats
|rule|Freeze Clause Mod: Limit one foe frozen
|
|t:|1727981807
|start
|switch|p1a: Cloyster|Cloyster, F|100/100
|switch|p2a: We|Smeargle, F|100/100
|turn|1
|c|☆Hummusfan|gl hf
|inactive|Xurkiyee has 270 seconds left.
|c|☆Xurkiyee|Hf
|inactive|Xurkiyee has 240 seconds left.
|
|t:|1727981896
|move|p2a: We|Spore|p1a: Cloyster
|-status|p1a: Cloyster|slp|[from] move: Spore
|cant|p1a: Cloyster|slp
|
|upkeep
|turn|2
|
|t:|1727981911
|switch|p1a: Aerodactyl|Aerodactyl, M|100/100
|move|p2a: We|Spikes|p1a: Aerodactyl
|-sidestart|p1: Xurkiyee|Spikes
|
|upkeep
|turn|3
|
|t:|1727981935
|switch|p2a: Will|Registeel|100/100
|move|p1a: Aerodactyl|Double-Edge|p2a: Will
|-resisted|p2a: Will
|-damage|p2a: Will|81/100
|
|upkeep
|turn|4
|inactive|Hummusfan has 270 seconds left.
|
|t:|1727981968
|switch|p1a: Celebi|Celebi|100/100
|-damage|p1a: Celebi|88/100|[from] Spikes
|move|p2a: Will|Superpower|p1a: Celebi
|-resisted|p1a: Celebi
|-damage|p1a: Celebi|72/100
|-unboost|p2a: Will|atk|1
|-unboost|p2a: Will|def|1
|
|-heal|p1a: Celebi|78/100|[from] item: Leftovers
|upkeep
|turn|5
|inactive|Hummusfan has 270 seconds left.
|
|t:|1727981989
|switch|p2a: To|Tyranitar, F|100/100
|-weather|Sandstorm|[from] ability: Sand Stream|[of] p2a: To
|move|p1a: Celebi|Calm Mind|p1a: Celebi
|-boost|p1a: Celebi|spa|1
|-boost|p1a: Celebi|spd|1
|
|-weather|Sandstorm|[upkeep]
|-damage|p1a: Celebi|72/100|[from] Sandstorm
|-heal|p1a: Celebi|78/100|[from] item: Leftovers
|upkeep
|turn|6
|inactive|Hummusfan has 240 seconds left.
|
|t:|1727982037
|move|p1a: Celebi|Hidden Power|p2a: To
|-supereffective|p2a: To
|-damage|p2a: To|22/100
|move|p2a: To|Hidden Power|p1a: Celebi
|-supereffective|p1a: Celebi
|-damage|p1a: Celebi|18/100
|
|-weather|Sandstorm|[upkeep]
|-damage|p1a: Celebi|12/100|[from] Sandstorm
|-heal|p1a: Celebi|18/100|[from] item: Leftovers
|upkeep
|turn|7
|inactive|Hummusfan has 210 seconds left.
|
|t:|1727982063
|switch|p2a: Will|Registeel|81/100
|move|p1a: Celebi|Recover|p1a: Celebi
|-heal|p1a: Celebi|68/100
|
|-weather|Sandstorm|[upkeep]
|-damage|p1a: Celebi|62/100|[from] Sandstorm
|-heal|p1a: Celebi|68/100|[from] item: Leftovers
|upkeep
|turn|8
|inactive|Hummusfan has 210 seconds left.
|
|t:|1727982075
|move|p1a: Celebi|Recover|p1a: Celebi
|-heal|p1a: Celebi|100/100
|move|p2a: Will|Explosion|p1a: Celebi
|-damage|p1a: Celebi|0 fnt
|faint|p2a: Will
|faint|p1a: Celebi
|inactive|Hummusfan has 210 seconds left.
|inactive|Hummusfan has 180 seconds left.
|
|t:|1727982122
|switch|p1a: Aerodactyl|Aerodactyl, M|100/100
|switch|p2a: Vic|Gengar, F|100/100
|
|-weather|Sandstorm|[upkeep]
|-damage|p2a: Vic|94/100|[from] Sandstorm
|-heal|p2a: Vic|100/100|[from] item: Leftovers
|upkeep
|turn|9
|
|t:|1727982148
|switch|p1a: Metagross|Metagross|100/100
|-damage|p1a: Metagross|88/100|[from] Spikes
|move|p2a: Vic|Thunderbolt|p1a: Metagross
|-damage|p1a: Metagross|58/100
|
|-weather|Sandstorm|[upkeep]
|-damage|p2a: Vic|94/100|[from] Sandstorm
|-heal|p2a: Vic|100/100|[from] item: Leftovers
|-heal|p1a: Metagross|64/100|[from] item: Leftovers
|upkeep
|turn|10
|
|t:|1727982162
|switch|p2a: Be|Swampert, M|100/100
|move|p1a: Metagross|Psychic|p2a: Be
|-damage|p2a: Be|53/100
|
|-weather|Sandstorm|[upkeep]
|-heal|p2a: Be|59/100|[from] item: Leftovers
|-heal|p1a: Metagross|70/100|[from] item: Leftovers
|upkeep
|turn|11
|inactive|Hummusfan has 150 seconds left.
|
|t:|1727982211
|move|p2a: Be|Earthquake|p1a: Metagross
|-supereffective|p1a: Metagross
|-damage|p1a: Metagross|16/100
|move|p1a: Metagross|Psychic|p2a: Be
|-damage|p2a: Be|6/100
|
|-weather|Sandstorm|[upkeep]
|-heal|p2a: Be|12/100|[from] item: Leftovers
|-heal|p1a: Metagross|22/100|[from] item: Leftovers
|upkeep
|turn|12
|
|t:|1727982231
|move|p2a: Be|Earthquake|p1a: Metagross
|-supereffective|p1a: Metagross
|-damage|p1a: Metagross|0 fnt
|faint|p1a: Metagross
|
|t:|1727982236
|switch|p1a: Gengar|Gengar, M|100/100
|
|-weather|Sandstorm|[upkeep]
|-damage|p1a: Gengar|94/100|[from] Sandstorm
|-heal|p1a: Gengar|100/100|[from] item: Leftovers
|-heal|p2a: Be|18/100|[from] item: Leftovers
|upkeep
|turn|13
|
|t:|1727982248
|move|p1a: Gengar|Ice Punch|p2a: Be
|-damage|p2a: Be|0 fnt
|faint|p2a: Be
|inactive|Hummusfan has 120 seconds left.
|
|t:|1727982273
|switch|p2a: Vic|Gengar, F|100/100
|
|-weather|Sandstorm|[upkeep]
|-damage|p1a: Gengar|94/100|[from] Sandstorm
|-damage|p2a: Vic|94/100|[from] Sandstorm
|-heal|p1a: Gengar|100/100|[from] item: Leftovers
|-heal|p2a: Vic|100/100|[from] item: Leftovers
|upkeep
|turn|14
|
|t:|1727982282
|switch|p1a: Snorlax|Snorlax, F|100/100
|-damage|p1a: Snorlax|88/100|[from] Spikes
|move|p2a: Vic|Thunderbolt|p1a: Snorlax
|-damage|p1a: Snorlax|73/100
|
|-weather|Sandstorm|[upkeep]
|-damage|p2a: Vic|94/100|[from] Sandstorm
|-damage|p1a: Snorlax|66/100|[from] Sandstorm
|-heal|p2a: Vic|100/100|[from] item: Leftovers
|-heal|p1a: Snorlax|73/100|[from] item: Leftovers
|upkeep
|turn|15
|inactive|Hummusfan has 120 seconds left.
|
|t:|1727982299
|switch|p2a: We|Smeargle, F|100/100
|move|p1a: Snorlax|Shadow Ball|p2a: We
|-immune|p2a: We
|
|-weather|Sandstorm|[upkeep]
|-damage|p2a: We|94/100|[from] Sandstorm
|-damage|p1a: Snorlax|66/100|[from] Sandstorm
|-heal|p1a: Snorlax|73/100|[from] item: Leftovers
|upkeep
|turn|16
|inactive|Hummusfan has 120 seconds left.
|
|t:|1727982322
|move|p2a: We|Perish Song|p2a: We
|-start|p1a: Snorlax|perish3|[silent]
|-start|p2a: We|perish3|[silent]
|-fieldactivate|move: Perish Song
|move|p1a: Snorlax|Body Slam|p2a: We
|-damage|p2a: We|0 fnt
|faint|p2a: We
|inactive|Hummusfan has 120 seconds left.
|
|t:|1727982348
|switch|p2a: To|Tyranitar, F|22/100
|
|-weather|Sandstorm|[upkeep]
|-damage|p1a: Snorlax|66/100|[from] Sandstorm
|-heal|p1a: Snorlax|73/100|[from] item: Leftovers
|-start|p1a: Snorlax|perish3
|upkeep
|turn|17
|
|t:|1727982360
|switch|p2a: Vic|Gengar, F|100/100
|move|p1a: Snorlax|Earthquake|p2a: Vic
|-immune|p2a: Vic
|
|-weather|Sandstorm|[upkeep]
|-damage|p2a: Vic|94/100|[from] Sandstorm
|-damage|p1a: Snorlax|66/100|[from] Sandstorm
|-heal|p2a: Vic|100/100|[from] item: Leftovers
|-heal|p1a: Snorlax|73/100|[from] item: Leftovers
|-start|p1a: Snorlax|perish2
|upkeep
|turn|18
|
|t:|1727982377
|move|p2a: Vic|Thunderbolt|p1a: Snorlax
|-damage|p1a: Snorlax|58/100
|move|p1a: Snorlax|Shadow Ball|p2a: Vic
|-supereffective|p2a: Vic
|-damage|p2a: Vic|3/100
|
|-weather|Sandstorm|[upkeep]
|-damage|p2a: Vic|0 fnt|[from] Sandstorm
|-damage|p1a: Snorlax|52/100|[from] Sandstorm
|faint|p2a: Vic
|-heal|p1a: Snorlax|58/100|[from] item: Leftovers
|-start|p1a: Snorlax|perish1
|upkeep
|inactive|Hummusfan has 90 seconds left.
|
|t:|1727982394
|switch|p2a: Rious|Aerodactyl, F|100/100
|turn|19
|
|t:|1727982398
|move|p2a: Rious|Substitute|p2a: Rious
|-start|p2a: Rious|Substitute
|-damage|p2a: Rious|75/100
|move|p1a: Snorlax|Self-Destruct|p2a: Rious
|-resisted|p2a: Rious
|-end|p2a: Rious|Substitute
|faint|p1a: Snorlax
|
|t:|1727982401
|switch|p1a: Gengar|Gengar, M|100/100
|
|-weather|Sandstorm|[upkeep]
|-damage|p1a: Gengar|94/100|[from] Sandstorm
|-heal|p1a: Gengar|100/100|[from] item: Leftovers
|upkeep
|turn|20
|inactive|Hummusfan has 90 seconds left.
|
|t:|1727982449
|move|p2a: Rious|Substitute|p2a: Rious
|-start|p2a: Rious|Substitute
|-damage|p2a: Rious|50/100
|move|p1a: Gengar|Thunderbolt|p2a: Rious
|-supereffective|p2a: Rious
|-end|p2a: Rious|Substitute
|
|-weather|Sandstorm|[upkeep]
|-damage|p1a: Gengar|94/100|[from] Sandstorm
|-heal|p1a: Gengar|100/100|[from] item: Leftovers
|upkeep
|turn|21
|
|t:|1727982461
|move|p2a: Rious|Substitute|p2a: Rious
|-start|p2a: Rious|Substitute
|-damage|p2a: Rious|25/100
|move|p1a: Gengar|Thunderbolt|p2a: Rious
|-supereffective|p2a: Rious
|-end|p2a: Rious|Substitute
|
|-weather|Sandstorm|[upkeep]
|-damage|p1a: Gengar|94/100|[from] Sandstorm
|-enditem|p2a: Rious|Liechi Berry|[eat]
|-boost|p2a: Rious|atk|1|[from] item: Liechi Berry
|-heal|p1a: Gengar|100/100|[from] item: Leftovers
|upkeep
|turn|22
|
|t:|1727982469
|switch|p1a: Cloyster|Cloyster, F|100/100 slp
|-damage|p1a: Cloyster|88/100 slp|[from] Spikes
|move|p2a: Rious|Rock Slide|p1a: Cloyster
|-supereffective|p1a: Cloyster
|-damage|p1a: Cloyster|12/100 slp
|
|-weather|Sandstorm|[upkeep]
|-damage|p1a: Cloyster|6/100 slp|[from] Sandstorm
|-heal|p1a: Cloyster|12/100 slp|[from] item: Leftovers
|upkeep
|turn|23
|
|t:|1727982483
|move|p2a: Rious|Hidden Power|p1a: Cloyster
|-damage|p1a: Cloyster|0 fnt
|faint|p1a: Cloyster
|
|t:|1727982485
|switch|p1a: Aerodactyl|Aerodactyl, M|100/100
|
|-weather|Sandstorm|[upkeep]
|upkeep
|turn|24
|inactive|Hummusfan has 90 seconds left.
|
|t:|1727982490
|move|p2a: Rious|Rock Slide|p1a: Aerodactyl
|-supereffective|p1a: Aerodactyl
|-damage|p1a: Aerodactyl|0 fnt
|faint|p1a: Aerodactyl
|
|t:|1727982491
|switch|p1a: Gengar|Gengar, M|100/100
|
|-weather|Sandstorm|[upkeep]
|-damage|p1a: Gengar|94/100|[from] Sandstorm
|-heal|p1a: Gengar|100/100|[from] item: Leftovers
|upkeep
|turn|25
|
|t:|1727982505
|move|p2a: Rious|Rock Slide|p1a: Gengar|[miss]
|-miss|p2a: Rious|p1a: Gengar
|move|p1a: Gengar|Thunderbolt|p2a: Rious
|-supereffective|p2a: Rious
|-damage|p2a: Rious|0 fnt
|faint|p2a: Rious
|
|t:|1727982509
|switch|p2a: To|Tyranitar, F|22/100
|
|-weather|Sandstorm|[upkeep]
|-damage|p1a: Gengar|94/100|[from] Sandstorm
|-heal|p1a: Gengar|100/100|[from] item: Leftovers
|upkeep
|turn|26
|c|☆Xurkiyee|Mb
|
|t:|1727982516
|move|p1a: Gengar|Hidden Power|p2a: To
|-supereffective|p2a: To
|-damage|p2a: To|0 fnt
|faint|p2a: To
|
|win|Xurkiyee
|c|☆Xurkiyee|gg
|c|☆Hummusfan|gg

</script>
<script type="application/json" class="data" id="replaydata-smogtours-gen3ou-794310">
{"id":"smogtours-gen3ou-794310","format":"[Gen 3] OU","players":["Xurkiyee","Hummusfan"],"uploadtime":1727982516,"views":126,"formatid":"gen3ou","rating":null,"private":0,"password":null}
</script>

<script defer src="js/replays.js?9d40a366"></script>
