<!DOCTYPE html>
<meta charset="utf-8" />
<meta name="viewport" content="width=device-width" />

<title>[Gen 3] OU: cheesimoon vs. go-go-zeppeli-1890 - Replays - Pok&eacute;mon Showdown!</title>

<meta name="description" content="Watch a replay of a Pok&eacute;mon battle between cheesimoon and go-go-zeppeli-1890! Format: [Gen 3] OU; Date: Oct 28, 2024" />
<!--

Hey, you! Looking in the source for the replay log?

You can find them in JSON format, just add `.json` at the end of a replay URL.

https://replay.pokemonshowdown.com/gen7randomdoublesbattle-865046831.json

Or, if you only need the log itself, add `.log` instead:

https://replay.pokemonshowdown.com/gen7randomdoublesbattle-865046831.log

-->

<link rel="stylesheet" href="//pokemonshowdown.com/style/global.css?0.023195364461161105" />
<link rel="stylesheet" href="//play.pokemonshowdown.com/style/font-awesome.css?0.13261647063804238" />
<link rel="stylesheet" href="//play.pokemonshowdown.com/style/battle.css?0.8753245789963631" />
<link rel="stylesheet" href="//play.pokemonshowdown.com/style/utilichart.css?0.8627959624976733" />

<!-- Global site tag (gtag.js) - Google Analytics -->
<script async src="https://www.googletagmanager.com/gtag/js?id=UA-26211653-1"></script>
<script>
  window.dataLayer = window.dataLayer || [];
  function gtag(){dataLayer.push(arguments);}
  gtag('js', new Date());

  gtag('config', 'UA-26211653-1');
</script>
<!-- End Google Analytics -->
<!-- Venatus Ad Manager - Install in <HEAD> of page -->
	<script src="https://hb.vntsm.com/v3/live/ad-manager.min.js" type="text/javascript" data-site-id="642aba63ec9a7b11c3c9c1be" data-mode="scan" async></script>
<!-- / Venatus Ad Manager -->

<style>
	@media (max-width:820px) {
		.battle {
			margin: 0 auto;
		}
		.battle-log {
			margin: 7px auto 0;
			max-width: 640px;
			height: 300px;
			position: static;
		}
	}
	.optgroup {
		display: inline-block;
		line-height: 22px;
		font-size: 10pt;
	}
	.optgroup .button {
		height: 25px;
		padding-top: 0;
		padding-bottom: 0;
	}
	.optgroup button.button {
		padding-left: 12px;
		padding-right: 12px;
	}
	.linklist {
		list-style: none;
		margin: 0.5em 0;
		padding: 0;
	}
	.linklist li {
		padding: 2px 0;
	}
	.sidebar {
		float: left;
		width: 320px;
	}
	.bar-wrapper {
		max-width: 1100px;
		margin: 0 auto;
	}
	.bar-wrapper.has-sidebar {
		max-width: 1430px;
	}
	.mainbar {
		margin: 0;
		padding-right: 1px;
	}
	.mainbar.has-sidebar {
		margin-left: 330px;
	}
	@media (min-width: 1511px) {
		.sidebar {
			width: 400px;
		}
		.bar-wrapper.has-sidebar {
			max-width: 1510px;
		}
		.mainbar.has-sidebar {
			margin-left: 410px;
		}
	}
	.section.first-section {
		margin-top: 9px;
	}
	.blocklink small {
		white-space: normal;
	}
	.button {
		vertical-align: middle;
	}
	.replay-controls {
		padding-top: 10px;
	}
	.replay-controls h1 {
		font-size: 16pt;
		font-weight: normal;
		color: #CCC;
	}
	.pagelink {
		text-align: center;
	}
	.pagelink a {
		width: 150px;
	}
	.textbox, .button {
		font-size: 11pt;
		vertical-align: middle;
	}
	@media (max-width: 450px) {
		.button {
			font-size: 9pt;
		}
	}
</style>

<div>

	<header>
		<div class="nav-wrapper"><ul class="nav">
			<li><a class="button nav-first" href="//pokemonshowdown.com/"><img src="//pokemonshowdown.com/images/pokemonshowdownbeta.png" srcset="//pokemonshowdown.com/images/pokemonshowdownbeta.png 1x, //pokemonshowdown.com/images/pokemonshowdownbeta@2x.png 2x" alt="Pok&eacute;mon Showdown" width="146" height="44" /> Home</a></li>
			<li><a class="button" href="//pokemonshowdown.com/dex/">Pok&eacute;dex</a></li>
			<li><a class="button cur" href="/">Replays</a></li>
			<li><a class="button" href="//pokemonshowdown.com/ladder/">Ladder</a></li>
			<li><a class="button nav-last" href="//pokemonshowdown.com/forums/">Forum</a></li>
			<li><a class="button greenbutton nav-first nav-last" href="//play.pokemonshowdown.com/">Play</a></li>
		</ul></div>
	</header>

	<div class="main" id="main">

		<noscript><section class="section">You need to enable JavaScript to use this page; sorry!</section></noscript>

	</div>

</div>

<script defer nomodule src="//play.pokemonshowdown.com/js/lib/ps-polyfill.js"></script>
<script defer src="//play.pokemonshowdown.com/js/lib/preact.min.js"></script>

<script defer src="//play.pokemonshowdown.com/config/config.js?2bddbc15"></script>
<script defer src="//play.pokemonshowdown.com/js/lib/jquery-1.11.0.min.js"></script>
<script defer src="//play.pokemonshowdown.com/js/lib/html-sanitizer-minified.js"></script>
<script defer src="//play.pokemonshowdown.com/js/battle-sound.js"></script>
<script defer src="//play.pokemonshowdown.com/js/battledata.js?0.7209276989879541"></script>
<script defer src="//play.pokemonshowdown.com/data/pokedex-mini.js?0.6111056340867951"></script>
<script defer src="//play.pokemonshowdown.com/data/pokedex-mini-bw.js?0.3532142036491459"></script>
<script defer src="//play.pokemonshowdown.com/data/graphics.js?0.24223875632456182"></script>
<script defer src="//play.pokemonshowdown.com/data/pokedex.js?0.38839984266356864"></script>
<script defer src="//play.pokemonshowdown.com/data/moves.js?0.21866028504024015"></script>
<script defer src="//play.pokemonshowdown.com/data/abilities.js?0.2005157953846628"></script>
<script defer src="//play.pokemonshowdown.com/data/items.js?0.9894211263848525"></script>
<script defer src="//play.pokemonshowdown.com/data/teambuilder-tables.js?0.6008791140282215"></script>
<script defer src="//play.pokemonshowdown.com/js/battle-tooltips.js?0.7580118955022959"></script>
<script defer src="//play.pokemonshowdown.com/js/battle.js?0.6057722274234274"></script>

<script defer src="js/utils.js?e31f9a17"></script>
<script defer src="js/replays-battle.js?7008c182"></script>

<!-- don't scrape this data! just add .json or .log after the URL!
Full API docs: https://github.com/smogon/pokemon-showdown-client/blob/master/WEB-API.md -->
<script type="text/plain" class="log" id="replaylog-smogtours-gen3ou-803116">
|inactive|Battle timer is ON: inactive players will automatically lose when time's up.
|t:|1730142641
|gametype|singles
|player|p1|cheesimoon|iris-gen5bw2|
|player|p2|go-go-zeppeli-1890|265|
|teamsize|p1|6
|teamsize|p2|6
|gen|3
|tier|[Gen 3] OU
|rule|Sleep Clause Mod: Limit one foe put to sleep
|rule|Switch Priority Clause Mod: Faster Pokémon switch first
|rule|Species Clause: Limit one of each Pokémon
|rule|OHKO Clause: OHKO moves are banned
|rule|Evasion Items Clause: Evasion items are banned
|rule|Evasion Moves Clause: Evasion moves are banned
|rule|Endless Battle Clause: Forcing endless battles is banned
|rule|HP Percentage Mod: HP is shown in percentages
|rule|One Boost Passer Clause: Limit one Baton Passer that has a way to boost its stats
|rule|Freeze Clause Mod: Limit one foe frozen
|
|t:|1730142641
|start
|switch|p1a: Saiki|Metagross|100/100
|switch|p2a: Snorlax|Snorlax, F|100/100
|turn|1
|
|t:|1730142649
|move|p1a: Saiki|Meteor Mash|p2a: Snorlax
|-damage|p2a: Snorlax|39/100
|move|p2a: Snorlax|Curse|p2a: Snorlax
|-unboost|p2a: Snorlax|spe|1
|-boost|p2a: Snorlax|atk|1
|-boost|p2a: Snorlax|def|1
|
|upkeep
|turn|2
|inactive|go-go-zeppeli-1890 has 270 seconds left.
|
|t:|1730142704
|switch|p2a: Metagross|Metagross|100/100
|move|p1a: Saiki|Meteor Mash|p2a: Metagross|[miss]
|-miss|p1a: Saiki|p2a: Metagross
|
|upkeep
|turn|3
|
|t:|1730142712
|switch|p1a: Mera|Swampert, F|100/100
|move|p2a: Metagross|Meteor Mash|p1a: Mera
|-resisted|p1a: Mera
|-damage|p1a: Mera|72/100
|-boost|p2a: Metagross|atk|1
|
|-heal|p1a: Mera|78/100|[from] item: Leftovers
|upkeep
|turn|4
|
|t:|1730142736
|move|p2a: Metagross|Meteor Mash|p1a: Mera
|-resisted|p1a: Mera
|-damage|p1a: Mera|31/100
|-boost|p2a: Metagross|atk|1
|move|p1a: Mera|Earthquake|p2a: Metagross
|-supereffective|p2a: Metagross
|-damage|p2a: Metagross|35/100
|
|-heal|p1a: Mera|37/100|[from] item: Leftovers
|upkeep
|turn|5
|
|t:|1730142743
|move|p1a: Mera|Protect|p1a: Mera
|-singleturn|p1a: Mera|Protect
|move|p2a: Metagross|Meteor Mash|p1a: Mera
|-activate|p1a: Mera|Protect
|
|-heal|p1a: Mera|43/100|[from] item: Leftovers
|upkeep
|turn|6
|
|t:|1730142758
|switch|p1a: Kaido|Zapdos|100/100
|move|p2a: Metagross|Meteor Mash|p1a: Kaido
|-resisted|p1a: Kaido
|-damage|p1a: Kaido|0 fnt
|-boost|p2a: Metagross|atk|1
|faint|p1a: Kaido
|
|t:|1730142761
|switch|p1a: Hairo|Charizard, M|100/100
|
|upkeep
|turn|7
|c|☆go-go-zeppeli-1890|wow
|inactive|go-go-zeppeli-1890 has 270 seconds left.
|c|☆cheesimoon|luck ebb and flows lol
|
|t:|1730142779
|move|p1a: Hairo|Substitute|p1a: Hairo
|-start|p1a: Hairo|Substitute
|-damage|p1a: Hairo|76/100
|move|p2a: Metagross|Meteor Mash|p1a: Hairo
|-resisted|p1a: Hairo
|-end|p1a: Hairo|Substitute
|
|-heal|p1a: Hairo|82/100|[from] item: Leftovers
|upkeep
|turn|8
|
|t:|1730142782
|move|p1a: Hairo|Fire Blast|p2a: Metagross
|-supereffective|p2a: Metagross
|-damage|p2a: Metagross|0 fnt
|faint|p2a: Metagross
|
|t:|1730142786
|switch|p2a: Electrode|Electrode|100/100
|
|-heal|p1a: Hairo|88/100|[from] item: Leftovers
|upkeep
|turn|9
|
|t:|1730142794
|switch|p1a: Teruhashi|Celebi|100/100
|move|p2a: Electrode|Rain Dance|p2a: Electrode
|-weather|RainDance
|
|-weather|RainDance|[upkeep]
|upkeep
|turn|10
|
|t:|1730142799
|switch|p2a: Snorlax|Snorlax, F|39/100
|move|p1a: Teruhashi|Leech Seed|p2a: Snorlax
|-start|p2a: Snorlax|move: Leech Seed
|
|-weather|RainDance|[upkeep]
|-damage|p2a: Snorlax|26/100|[from] Leech Seed|[of] p1a: Teruhashi
|upkeep
|turn|11
|
|t:|1730142803
|move|p1a: Teruhashi|Calm Mind|p1a: Teruhashi
|-boost|p1a: Teruhashi|spa|1
|-boost|p1a: Teruhashi|spd|1
|move|p2a: Snorlax|Self-Destruct|p1a: Teruhashi
|-damage|p1a: Teruhashi|0 fnt
|faint|p2a: Snorlax
|faint|p1a: Teruhashi
|
|t:|1730142809
|switch|p1a: Mera|Swampert, F|43/100
|switch|p2a: Kingdra|Kingdra, F|100/100
|
|-weather|RainDance|[upkeep]
|-heal|p1a: Mera|49/100|[from] item: Leftovers
|upkeep
|turn|12
|
|t:|1730142812
|move|p1a: Mera|Protect|p1a: Mera
|-singleturn|p1a: Mera|Protect
|move|p2a: Kingdra|Surf|p1a: Mera
|-activate|p1a: Mera|Protect
|
|-weather|RainDance|[upkeep]
|-heal|p1a: Mera|55/100|[from] item: Leftovers
|upkeep
|turn|13
|
|t:|1730142819
|move|p2a: Kingdra|Surf|p1a: Mera
|-damage|p1a: Mera|1/100
|move|p1a: Mera|Earthquake|p2a: Kingdra
|-damage|p2a: Kingdra|61/100
|
|-weather|none
|-heal|p2a: Kingdra|68/100|[from] item: Leftovers
|-heal|p1a: Mera|7/100|[from] item: Leftovers
|upkeep
|turn|14
|
|t:|1730142831
|move|p2a: Kingdra|Rain Dance|p2a: Kingdra
|-weather|RainDance
|move|p1a: Mera|Earthquake|p2a: Kingdra
|-damage|p2a: Kingdra|25/100
|
|-weather|RainDance|[upkeep]
|-heal|p2a: Kingdra|31/100|[from] item: Leftovers
|-heal|p1a: Mera|14/100|[from] item: Leftovers
|upkeep
|turn|15
|
|t:|1730142835
|move|p1a: Mera|Protect|p1a: Mera
|-singleturn|p1a: Mera|Protect
|move|p2a: Kingdra|Surf|p1a: Mera
|-activate|p1a: Mera|Protect
|
|-weather|RainDance|[upkeep]
|-heal|p2a: Kingdra|37/100|[from] item: Leftovers
|-heal|p1a: Mera|20/100|[from] item: Leftovers
|upkeep
|turn|16
|
|t:|1730142838
|move|p2a: Kingdra|Surf|p1a: Mera
|-damage|p1a: Mera|0 fnt
|faint|p1a: Mera
|
|t:|1730142840
|switch|p1a: Nendo|Tyranitar, M|100/100
|-weather|Sandstorm|[from] ability: Sand Stream|[of] p1a: Nendo
|
|-weather|Sandstorm|[upkeep]
|-damage|p2a: Kingdra|31/100|[from] Sandstorm
|-heal|p2a: Kingdra|37/100|[from] item: Leftovers
|upkeep
|turn|17
|
|t:|1730142845
|move|p2a: Kingdra|Rain Dance|p2a: Kingdra
|-weather|RainDance
|move|p1a: Nendo|Rock Slide|p2a: Kingdra
|-damage|p2a: Kingdra|0 fnt
|faint|p2a: Kingdra
|
|t:|1730142856
|switch|p2a: Zapdos|Zapdos|100/100
|
|-weather|RainDance|[upkeep]
|upkeep
|turn|18
|
|t:|1730142860
|move|p2a: Zapdos|Agility|p2a: Zapdos
|-boost|p2a: Zapdos|spe|2
|move|p1a: Nendo|Rock Slide|p2a: Zapdos
|-supereffective|p2a: Zapdos
|-damage|p2a: Zapdos|3/100
|
|-weather|RainDance|[upkeep]
|-heal|p2a: Zapdos|9/100|[from] item: Leftovers
|upkeep
|turn|19
|
|t:|1730142865
|move|p2a: Zapdos|Thunderbolt|p1a: Nendo
|-damage|p1a: Nendo|53/100
|-status|p1a: Nendo|par
|move|p1a: Nendo|Rock Slide|p2a: Zapdos
|-supereffective|p2a: Zapdos
|-damage|p2a: Zapdos|0 fnt
|faint|p2a: Zapdos
|
|t:|1730142871
|switch|p2a: Electrode|Electrode|100/100
|
|-weather|RainDance|[upkeep]
|-heal|p1a: Nendo|59/100 par|[from] item: Leftovers
|upkeep
|turn|20
|c|☆cheesimoon|lowkey iw as expecting an hp water lol
|
|t:|1730142891
|move|p2a: Electrode|Thunderbolt|p1a: Nendo
|-damage|p1a: Nendo|30/100 par
|move|p1a: Nendo|Earthquake|p2a: Electrode
|-supereffective|p2a: Electrode
|-damage|p2a: Electrode|0 fnt
|faint|p2a: Electrode
|
|t:|1730142895
|switch|p2a: Heracross|Heracross, F|100/100
|
|-weather|RainDance|[upkeep]
|-heal|p1a: Nendo|36/100 par|[from] item: Leftovers
|upkeep
|turn|21
|c|☆go-go-zeppeli-1890|fuck
|
|t:|1730142909
|move|p2a: Heracross|Swords Dance|p2a: Heracross
|-boost|p2a: Heracross|atk|2
|cant|p1a: Nendo|par
|
|-weather|none
|-heal|p1a: Nendo|43/100 par|[from] item: Leftovers
|upkeep
|turn|22
|c|☆go-go-zeppeli-1890|GG
|
|t:|1730142913
|move|p2a: Heracross|Megahorn|p1a: Nendo
|-supereffective|p1a: Nendo
|-damage|p1a: Nendo|0 fnt
|faint|p1a: Nendo
|
|t:|1730142919
|switch|p1a: Hairo|Charizard, M|88/100
|
|-heal|p1a: Hairo|94/100|[from] item: Leftovers
|upkeep
|turn|23
|
|t:|1730142925
|move|p2a: Heracross|Endure|p2a: Heracross
|-singleturn|p2a: Heracross|move: Endure
|move|p1a: Hairo|Substitute|p1a: Hairo
|-start|p1a: Hairo|Substitute
|-damage|p1a: Hairo|69/100
|
|-heal|p1a: Hairo|75/100|[from] item: Leftovers
|upkeep
|turn|24
|
|t:|1730142928
|move|p1a: Hairo|Fire Blast|p2a: Heracross
|-supereffective|p2a: Heracross
|-crit|p2a: Heracross
|-damage|p2a: Heracross|0 fnt
|faint|p2a: Heracross
|
|win|cheesimoon
|c|☆cheesimoon|omg
|c|☆cheesimoon|gg
|c|☆go-go-zeppeli-1890|gg
|c|☆go-go-zeppeli-1890|fuck my life 
|c|☆go-go-zeppeli-1890|thought i had you this time
|player|p2|
|c|☆cheesimoon|dang that was really close
|c|☆cheesimoon|did u have rock slide?
|c|☆cheesimoon|but +2 reversal mightve killed me anyways

</script>
<script type="application/json" class="data" id="replaydata-smogtours-gen3ou-803116">
{"id":"smogtours-gen3ou-803116","format":"[Gen 3] OU","players":["cheesimoon","go-go-zeppeli-1890"],"uploadtime":1730142928,"views":51,"formatid":"gen3ou","rating":null,"private":0,"password":null}
</script>

<script defer src="js/replays.js?9d40a366"></script>
