<!DOCTYPE html>
<meta charset="utf-8" />
<meta name="viewport" content="width=device-width" />

<title>[Gen 3] OU: OOF_MAXIMA vs. Incognition - Replays - Pok&eacute;mon Showdown!</title>

<meta name="description" content="Watch a replay of a Pok&eacute;mon battle between OOF_MAXIMA and Incognition! Format: [Gen 3] OU; Date: Nov 4, 2024" />
<!--

Hey, you! Looking in the source for the replay log?

You can find them in JSON format, just add `.json` at the end of a replay URL.

https://replay.pokemonshowdown.com/gen7randomdoublesbattle-865046831.json

Or, if you only need the log itself, add `.log` instead:

https://replay.pokemonshowdown.com/gen7randomdoublesbattle-865046831.log

-->

<link rel="stylesheet" href="//pokemonshowdown.com/style/global.css?0.023195364461161105" />
<link rel="stylesheet" href="//play.pokemonshowdown.com/style/font-awesome.css?0.13261647063804238" />
<link rel="stylesheet" href="//play.pokemonshowdown.com/style/battle.css?0.8753245789963631" />
<link rel="stylesheet" href="//play.pokemonshowdown.com/style/utilichart.css?0.8627959624976733" />

<!-- Global site tag (gtag.js) - Google Analytics -->
<script async src="https://www.googletagmanager.com/gtag/js?id=UA-26211653-1"></script>
<script>
  window.dataLayer = window.dataLayer || [];
  function gtag(){dataLayer.push(arguments);}
  gtag('js', new Date());

  gtag('config', 'UA-26211653-1');
</script>
<!-- End Google Analytics -->
<!-- Venatus Ad Manager - Install in <HEAD> of page -->
	<script src="https://hb.vntsm.com/v3/live/ad-manager.min.js" type="text/javascript" data-site-id="642aba63ec9a7b11c3c9c1be" data-mode="scan" async></script>
<!-- / Venatus Ad Manager -->

<style>
	@media (max-width:820px) {
		.battle {
			margin: 0 auto;
		}
		.battle-log {
			margin: 7px auto 0;
			max-width: 640px;
			height: 300px;
			position: static;
		}
	}
	.optgroup {
		display: inline-block;
		line-height: 22px;
		font-size: 10pt;
	}
	.optgroup .button {
		height: 25px;
		padding-top: 0;
		padding-bottom: 0;
	}
	.optgroup button.button {
		padding-left: 12px;
		padding-right: 12px;
	}
	.linklist {
		list-style: none;
		margin: 0.5em 0;
		padding: 0;
	}
	.linklist li {
		padding: 2px 0;
	}
	.sidebar {
		float: left;
		width: 320px;
	}
	.bar-wrapper {
		max-width: 1100px;
		margin: 0 auto;
	}
	.bar-wrapper.has-sidebar {
		max-width: 1430px;
	}
	.mainbar {
		margin: 0;
		padding-right: 1px;
	}
	.mainbar.has-sidebar {
		margin-left: 330px;
	}
	@media (min-width: 1511px) {
		.sidebar {
			width: 400px;
		}
		.bar-wrapper.has-sidebar {
			max-width: 1510px;
		}
		.mainbar.has-sidebar {
			margin-left: 410px;
		}
	}
	.section.first-section {
		margin-top: 9px;
	}
	.blocklink small {
		white-space: normal;
	}
	.button {
		vertical-align: middle;
	}
	.replay-controls {
		padding-top: 10px;
	}
	.replay-controls h1 {
		font-size: 16pt;
		font-weight: normal;
		color: #CCC;
	}
	.pagelink {
		text-align: center;
	}
	.pagelink a {
		width: 150px;
	}
	.textbox, .button {
		font-size: 11pt;
		vertical-align: middle;
	}
	@media (max-width: 450px) {
		.button {
			font-size: 9pt;
		}
	}
</style>

<div>

	<header>
		<div class="nav-wrapper"><ul class="nav">
			<li><a class="button nav-first" href="//pokemonshowdown.com/"><img src="//pokemonshowdown.com/images/pokemonshowdownbeta.png" srcset="//pokemonshowdown.com/images/pokemonshowdownbeta.png 1x, //pokemonshowdown.com/images/pokemonshowdownbeta@2x.png 2x" alt="Pok&eacute;mon Showdown" width="146" height="44" /> Home</a></li>
			<li><a class="button" href="//pokemonshowdown.com/dex/">Pok&eacute;dex</a></li>
			<li><a class="button cur" href="/">Replays</a></li>
			<li><a class="button" href="//pokemonshowdown.com/ladder/">Ladder</a></li>
			<li><a class="button nav-last" href="//pokemonshowdown.com/forums/">Forum</a></li>
			<li><a class="button greenbutton nav-first nav-last" href="//play.pokemonshowdown.com/">Play</a></li>
		</ul></div>
	</header>

	<div class="main" id="main">

		<noscript><section class="section">You need to enable JavaScript to use this page; sorry!</section></noscript>

	</div>

</div>

<script defer nomodule src="//play.pokemonshowdown.com/js/lib/ps-polyfill.js"></script>
<script defer src="//play.pokemonshowdown.com/js/lib/preact.min.js"></script>

<script defer src="//play.pokemonshowdown.com/config/config.js?2bddbc15"></script>
<script defer src="//play.pokemonshowdown.com/js/lib/jquery-1.11.0.min.js"></script>
<script defer src="//play.pokemonshowdown.com/js/lib/html-sanitizer-minified.js"></script>
<script defer src="//play.pokemonshowdown.com/js/battle-sound.js"></script>
<script defer src="//play.pokemonshowdown.com/js/battledata.js?0.7209276989879541"></script>
<script defer src="//play.pokemonshowdown.com/data/pokedex-mini.js?0.6111056340867951"></script>
<script defer src="//play.pokemonshowdown.com/data/pokedex-mini-bw.js?0.3532142036491459"></script>
<script defer src="//play.pokemonshowdown.com/data/graphics.js?0.24223875632456182"></script>
<script defer src="//play.pokemonshowdown.com/data/pokedex.js?0.38839984266356864"></script>
<script defer src="//play.pokemonshowdown.com/data/moves.js?0.21866028504024015"></script>
<script defer src="//play.pokemonshowdown.com/data/abilities.js?0.2005157953846628"></script>
<script defer src="//play.pokemonshowdown.com/data/items.js?0.9894211263848525"></script>
<script defer src="//play.pokemonshowdown.com/data/teambuilder-tables.js?0.6008791140282215"></script>
<script defer src="//play.pokemonshowdown.com/js/battle-tooltips.js?0.7580118955022959"></script>
<script defer src="//play.pokemonshowdown.com/js/battle.js?0.6057722274234274"></script>

<script defer src="js/utils.js?e31f9a17"></script>
<script defer src="js/replays-battle.js?7008c182"></script>

<!-- don't scrape this data! just add .json or .log after the URL!
Full API docs: https://github.com/smogon/pokemon-showdown-client/blob/master/WEB-API.md -->
<script type="text/plain" class="log" id="replaylog-smogtours-gen3ou-804799">
|inactive|Battle timer is ON: inactive players will automatically lose when time's up.
|t:|1730752258
|gametype|singles
|player|p1|OOF_MAXIMA|cress|
|player|p2|Incognition|169|
|teamsize|p1|6
|teamsize|p2|6
|gen|3
|tier|[Gen 3] OU
|rule|Sleep Clause Mod: Limit one foe put to sleep
|rule|Switch Priority Clause Mod: Faster Pokémon switch first
|rule|Species Clause: Limit one of each Pokémon
|rule|OHKO Clause: OHKO moves are banned
|rule|Evasion Items Clause: Evasion items are banned
|rule|Evasion Moves Clause: Evasion moves are banned
|rule|Endless Battle Clause: Forcing endless battles is banned
|rule|HP Percentage Mod: HP is shown in percentages
|rule|One Boost Passer Clause: Limit one Baton Passer that has a way to boost its stats
|rule|Freeze Clause Mod: Limit one foe frozen
|
|t:|1730752258
|start
|switch|p1a: metal goober|Metagross|100/100
|switch|p2a: Metagross|Metagross|100/100
|turn|1
|c|☆OOF_MAXIMA|gl hf
|c|☆Incognition|hf
|
|t:|1730752287
|move|p2a: Metagross|Earthquake|p1a: metal goober
|-supereffective|p1a: metal goober
|-damage|p1a: metal goober|44/100
|move|p1a: metal goober|Earthquake|p2a: Metagross
|-supereffective|p2a: Metagross
|-damage|p2a: Metagross|42/100
|
|-heal|p2a: Metagross|48/100|[from] item: Leftovers
|-heal|p1a: metal goober|50/100|[from] item: Leftovers
|upkeep
|turn|2
|
|t:|1730752302
|switch|p1a: dragon goober|Salamence, F|100/100
|-ability|p1a: dragon goober|Intimidate|boost
|-fail|p2a: Metagross|unboost|[from] ability: Clear Body|[of] p2a: Metagross
|move|p2a: Metagross|Meteor Mash|p1a: dragon goober|[miss]
|-miss|p2a: Metagross|p1a: dragon goober
|
|-heal|p2a: Metagross|54/100|[from] item: Leftovers
|upkeep
|turn|3
|
|t:|1730752315
|move|p1a: dragon goober|Earthquake|p2a: Metagross
|-supereffective|p2a: Metagross
|-damage|p2a: Metagross|0 fnt
|faint|p2a: Metagross
|
|t:|1730752340
|switch|p2a: Zapdos|Zapdos|100/100
|
|upkeep
|turn|4
|
|t:|1730752353
|switch|p1a: mom goober|Blissey, F|100/100
|move|p2a: Zapdos|Agility|p2a: Zapdos
|-boost|p2a: Zapdos|spe|2
|
|upkeep
|turn|5
|
|t:|1730752376
|switch|p1a: silly goober|Claydol|100/100
|move|p2a: Zapdos|Baton Pass|p2a: Zapdos
|inactive|Incognition has 270 seconds left.
|
|t:|1730752410
|switch|p2a: Snorlax|Snorlax, M|100/100|[from] Baton Pass
|
|upkeep
|turn|6
|
|t:|1730752433
|move|p2a: Snorlax|Shadow Ball|p1a: silly goober
|-supereffective|p1a: silly goober
|-damage|p1a: silly goober|63/100
|move|p1a: silly goober|Explosion|p2a: Snorlax
|-damage|p2a: Snorlax|19/100
|faint|p1a: silly goober
|
|t:|1730752445
|switch|p1a: dragon goober|Salamence, F|100/100
|-ability|p1a: dragon goober|Intimidate|boost
|-unboost|p2a: Snorlax|atk|1
|
|-heal|p2a: Snorlax|25/100|[from] item: Leftovers
|upkeep
|turn|7
|inactive|Incognition has 270 seconds left.
|
|t:|1730752451
|move|p1a: dragon goober|Rock Slide|p2a: Snorlax
|-damage|p2a: Snorlax|0 fnt
|faint|p2a: Snorlax
|inactive|Incognition has 270 seconds left.
|
|t:|1730752457
|switch|p2a: Zapdos|Zapdos|100/100
|
|upkeep
|turn|8
|
|t:|1730752460
|move|p1a: dragon goober|Rock Slide|p2a: Zapdos
|-supereffective|p2a: Zapdos
|-damage|p2a: Zapdos|17/100
|move|p2a: Zapdos|Hidden Power|p1a: dragon goober
|-supereffective|p1a: dragon goober
|-damage|p1a: dragon goober|0 fnt
|faint|p1a: dragon goober
|
|t:|1730752470
|switch|p1a: mom goober|Blissey, F|100/100
|
|-heal|p2a: Zapdos|23/100|[from] item: Leftovers
|upkeep
|turn|9
|
|t:|1730752486
|move|p2a: Zapdos|Agility|p2a: Zapdos
|-boost|p2a: Zapdos|spe|2
|move|p1a: mom goober|Seismic Toss|p2a: Zapdos
|-damage|p2a: Zapdos|0 fnt
|faint|p2a: Zapdos
|inactive|Incognition has 270 seconds left.
|
|t:|1730752510
|switch|p2a: Ursaring|Ursaring, M|100/100
|
|upkeep
|turn|10
|
|t:|1730752530
|switch|p1a: magnet goober|Magneton|100/100
|move|p2a: Ursaring|Swords Dance|p2a: Ursaring
|-boost|p2a: Ursaring|atk|2
|
|upkeep
|turn|11
|
|t:|1730752536
|move|p1a: magnet goober|Thunder Wave|p2a: Ursaring
|-status|p2a: Ursaring|par
|move|p2a: Ursaring|Earthquake|p1a: magnet goober
|-supereffective|p1a: magnet goober
|-damage|p1a: magnet goober|0 fnt
|faint|p1a: magnet goober
|
|t:|1730752552
|switch|p1a: metal goober|Metagross|50/100
|
|-heal|p1a: metal goober|56/100|[from] item: Leftovers
|upkeep
|turn|12
|
|t:|1730752561
|move|p1a: metal goober|Explosion|p2a: Ursaring
|-damage|p2a: Ursaring|0 fnt
|faint|p1a: metal goober
|faint|p2a: Ursaring
|inactive|OOF_MAXIMA has 270 seconds left.
|inactive|OOF_MAXIMA has 240 seconds left.
|
|t:|1730752626
|switch|p2a: Marowak|Marowak, F|100/100
|switch|p1a: forehead goober|Suicune|100/100
|
|upkeep
|turn|13
|
|t:|1730752638
|switch|p2a: Magneton|Magneton|100/100
|move|p1a: forehead goober|Surf|p2a: Magneton
|-damage|p2a: Magneton|39/100
|
|upkeep
|turn|14
|inactive|OOF_MAXIMA has 240 seconds left.
|
|t:|1730752653
|switch|p2a: Marowak|Marowak, F|100/100
|switch|p1a: mom goober|Blissey, F|100/100
|
|upkeep
|turn|15
|inactive|OOF_MAXIMA has 240 seconds left.
|
|t:|1730752667
|move|p2a: Marowak|Swords Dance|p2a: Marowak
|-boost|p2a: Marowak|atk|2
|move|p1a: mom goober|Ice Beam|p2a: Marowak
|-supereffective|p2a: Marowak
|-damage|p2a: Marowak|29/100
|-status|p2a: Marowak|frz
|
|upkeep
|turn|16
|c|☆OOF_MAXIMA|ouchhh
|c|☆OOF_MAXIMA|mb
|c|☆Incognition|..
|
|t:|1730752677
|cant|p2a: Marowak|frz
|move|p1a: mom goober|Ice Beam|p2a: Marowak
|-supereffective|p2a: Marowak
|-damage|p2a: Marowak|0 fnt
|faint|p2a: Marowak
|
|t:|1730752688
|switch|p2a: Magneton|Magneton|39/100
|
|upkeep
|turn|17
|
|t:|1730752691
|move|p2a: Magneton|Thunderbolt|p1a: mom goober
|-damage|p1a: mom goober|82/100
|-status|p1a: mom goober|par
|move|p1a: mom goober|Seismic Toss|p2a: Magneton
|-damage|p2a: Magneton|0 fnt
|faint|p2a: Magneton
|
|win|OOF_MAXIMA
|c|☆Incognition|well ggs
|c|☆OOF_MAXIMA|sorry bout that chief

</script>
<script type="application/json" class="data" id="replaydata-smogtours-gen3ou-804799">
{"id":"smogtours-gen3ou-804799","format":"[Gen 3] OU","players":["OOF_MAXIMA","Incognition"],"uploadtime":1730752691,"views":59,"formatid":"gen3ou","rating":null,"private":0,"password":null}
</script>

<script defer src="js/replays.js?9d40a366"></script>
