<!DOCTYPE html>
<meta charset="utf-8" />
<meta name="viewport" content="width=device-width" />

<title>[Gen 3] OU: Pak vs. woeishuen - Replays - Pok&eacute;mon Showdown!</title>

<meta name="description" content="Watch a replay of a Pok&eacute;mon battle between Pak and woeishuen! Format: [Gen 3] OU; Date: Oct 22, 2024" />
<!--

Hey, you! Looking in the source for the replay log?

You can find them in JSON format, just add `.json` at the end of a replay URL.

https://replay.pokemonshowdown.com/gen7randomdoublesbattle-865046831.json

Or, if you only need the log itself, add `.log` instead:

https://replay.pokemonshowdown.com/gen7randomdoublesbattle-865046831.log

-->

<link rel="stylesheet" href="//pokemonshowdown.com/style/global.css?0.023195364461161105" />
<link rel="stylesheet" href="//play.pokemonshowdown.com/style/font-awesome.css?0.13261647063804238" />
<link rel="stylesheet" href="//play.pokemonshowdown.com/style/battle.css?0.8753245789963631" />
<link rel="stylesheet" href="//play.pokemonshowdown.com/style/utilichart.css?0.8627959624976733" />

<!-- Global site tag (gtag.js) - Google Analytics -->
<script async src="https://www.googletagmanager.com/gtag/js?id=UA-26211653-1"></script>
<script>
  window.dataLayer = window.dataLayer || [];
  function gtag(){dataLayer.push(arguments);}
  gtag('js', new Date());

  gtag('config', 'UA-26211653-1');
</script>
<!-- End Google Analytics -->
<!-- Venatus Ad Manager - Install in <HEAD> of page -->
	<script src="https://hb.vntsm.com/v3/live/ad-manager.min.js" type="text/javascript" data-site-id="642aba63ec9a7b11c3c9c1be" data-mode="scan" async></script>
<!-- / Venatus Ad Manager -->

<style>
	@media (max-width:820px) {
		.battle {
			margin: 0 auto;
		}
		.battle-log {
			margin: 7px auto 0;
			max-width: 640px;
			height: 300px;
			position: static;
		}
	}
	.optgroup {
		display: inline-block;
		line-height: 22px;
		font-size: 10pt;
	}
	.optgroup .button {
		height: 25px;
		padding-top: 0;
		padding-bottom: 0;
	}
	.optgroup button.button {
		padding-left: 12px;
		padding-right: 12px;
	}
	.linklist {
		list-style: none;
		margin: 0.5em 0;
		padding: 0;
	}
	.linklist li {
		padding: 2px 0;
	}
	.sidebar {
		float: left;
		width: 320px;
	}
	.bar-wrapper {
		max-width: 1100px;
		margin: 0 auto;
	}
	.bar-wrapper.has-sidebar {
		max-width: 1430px;
	}
	.mainbar {
		margin: 0;
		padding-right: 1px;
	}
	.mainbar.has-sidebar {
		margin-left: 330px;
	}
	@media (min-width: 1511px) {
		.sidebar {
			width: 400px;
		}
		.bar-wrapper.has-sidebar {
			max-width: 1510px;
		}
		.mainbar.has-sidebar {
			margin-left: 410px;
		}
	}
	.section.first-section {
		margin-top: 9px;
	}
	.blocklink small {
		white-space: normal;
	}
	.button {
		vertical-align: middle;
	}
	.replay-controls {
		padding-top: 10px;
	}
	.replay-controls h1 {
		font-size: 16pt;
		font-weight: normal;
		color: #CCC;
	}
	.pagelink {
		text-align: center;
	}
	.pagelink a {
		width: 150px;
	}
	.textbox, .button {
		font-size: 11pt;
		vertical-align: middle;
	}
	@media (max-width: 450px) {
		.button {
			font-size: 9pt;
		}
	}
</style>

<div>

	<header>
		<div class="nav-wrapper"><ul class="nav">
			<li><a class="button nav-first" href="//pokemonshowdown.com/"><img src="//pokemonshowdown.com/images/pokemonshowdownbeta.png" srcset="//pokemonshowdown.com/images/pokemonshowdownbeta.png 1x, //pokemonshowdown.com/images/pokemonshowdownbeta@2x.png 2x" alt="Pok&eacute;mon Showdown" width="146" height="44" /> Home</a></li>
			<li><a class="button" href="//pokemonshowdown.com/dex/">Pok&eacute;dex</a></li>
			<li><a class="button cur" href="/">Replays</a></li>
			<li><a class="button" href="//pokemonshowdown.com/ladder/">Ladder</a></li>
			<li><a class="button nav-last" href="//pokemonshowdown.com/forums/">Forum</a></li>
			<li><a class="button greenbutton nav-first nav-last" href="//play.pokemonshowdown.com/">Play</a></li>
		</ul></div>
	</header>

	<div class="main" id="main">

		<noscript><section class="section">You need to enable JavaScript to use this page; sorry!</section></noscript>

	</div>

</div>

<script defer nomodule src="//play.pokemonshowdown.com/js/lib/ps-polyfill.js"></script>
<script defer src="//play.pokemonshowdown.com/js/lib/preact.min.js"></script>

<script defer src="//play.pokemonshowdown.com/config/config.js?2bddbc15"></script>
<script defer src="//play.pokemonshowdown.com/js/lib/jquery-1.11.0.min.js"></script>
<script defer src="//play.pokemonshowdown.com/js/lib/html-sanitizer-minified.js"></script>
<script defer src="//play.pokemonshowdown.com/js/battle-sound.js"></script>
<script defer src="//play.pokemonshowdown.com/js/battledata.js?0.7209276989879541"></script>
<script defer src="//play.pokemonshowdown.com/data/pokedex-mini.js?0.6111056340867951"></script>
<script defer src="//play.pokemonshowdown.com/data/pokedex-mini-bw.js?0.3532142036491459"></script>
<script defer src="//play.pokemonshowdown.com/data/graphics.js?0.24223875632456182"></script>
<script defer src="//play.pokemonshowdown.com/data/pokedex.js?0.38839984266356864"></script>
<script defer src="//play.pokemonshowdown.com/data/moves.js?0.21866028504024015"></script>
<script defer src="//play.pokemonshowdown.com/data/abilities.js?0.2005157953846628"></script>
<script defer src="//play.pokemonshowdown.com/data/items.js?0.9894211263848525"></script>
<script defer src="//play.pokemonshowdown.com/data/teambuilder-tables.js?0.6008791140282215"></script>
<script defer src="//play.pokemonshowdown.com/js/battle-tooltips.js?0.7580118955022959"></script>
<script defer src="//play.pokemonshowdown.com/js/battle.js?0.6057722274234274"></script>

<script defer src="js/utils.js?e31f9a17"></script>
<script defer src="js/replays-battle.js?7008c182"></script>

<!-- don't scrape this data! just add .json or .log after the URL!
Full API docs: https://github.com/smogon/pokemon-showdown-client/blob/master/WEB-API.md -->
<script type="text/plain" class="log" id="replaylog-smogtours-gen3ou-801252">
|inactive|Battle timer is ON: inactive players will automatically lose when time's up.
|t:|1729627971
|gametype|singles
|player|p1|Pak|#pak|
|player|p2|woeishuen|steven|
|teamsize|p1|6
|teamsize|p2|6
|gen|3
|tier|[Gen 3] OU
|rule|Sleep Clause Mod: Limit one foe put to sleep
|rule|Switch Priority Clause Mod: Faster Pokémon switch first
|rule|Species Clause: Limit one of each Pokémon
|rule|OHKO Clause: OHKO moves are banned
|rule|Evasion Items Clause: Evasion items are banned
|rule|Evasion Moves Clause: Evasion moves are banned
|rule|Endless Battle Clause: Forcing endless battles is banned
|rule|HP Percentage Mod: HP is shown in percentages
|rule|One Boost Passer Clause: Limit one Baton Passer that has a way to boost its stats
|rule|Freeze Clause Mod: Limit one foe frozen
|
|t:|1729627971
|start
|switch|p1a: Salamence|Salamence, M|100/100
|switch|p2a: Zapdos|Zapdos|100/100
|-ability|p1a: Salamence|Intimidate|boost
|-unboost|p2a: Zapdos|atk|1
|turn|1
|c|☆Pak|hf
|
|t:|1729627979
|switch|p1a: Celebi|Celebi|100/100
|move|p2a: Zapdos|Baton Pass|p2a: Zapdos
|c|☆woeishuen|glgl
|
|t:|1729628004
|switch|p2a: Dugtrio|Dugtrio, F|100/100|[from] Baton Pass
|
|upkeep
|turn|2
|
|t:|1729628007
|move|p2a: Dugtrio|Hidden Power|p1a: Celebi
|-supereffective|p1a: Celebi
|-damage|p1a: Celebi|41/100
|move|p1a: Celebi|Giga Drain|p2a: Dugtrio
|-supereffective|p2a: Dugtrio
|-damage|p2a: Dugtrio|2/100
|-heal|p1a: Celebi|76/100|[from] drain|[of] p2a: Dugtrio
|
|-heal|p1a: Celebi|82/100|[from] item: Leftovers
|upkeep
|turn|3
|
|t:|1729628015
|switch|p2a: Metagross|Metagross, shiny|100/100
|move|p1a: Celebi|Hidden Power|p2a: Metagross
|-supereffective|p2a: Metagross
|-damage|p2a: Metagross|52/100
|
|-heal|p1a: Celebi|88/100|[from] item: Leftovers
|-heal|p2a: Metagross|58/100|[from] item: Leftovers
|upkeep
|turn|4
|
|t:|1729628019
|switch|p1a: Skarmory|Skarmory, M|100/100
|move|p2a: Metagross|Explosion|p1a: Skarmory
|-resisted|p1a: Skarmory
|-damage|p1a: Skarmory|32/100
|faint|p2a: Metagross
|
|t:|1729628024
|switch|p2a: Zapdos|Zapdos|100/100
|
|-heal|p1a: Skarmory|38/100|[from] item: Leftovers
|upkeep
|turn|5
|
|t:|1729628038
|switch|p1a: Jirachi|Jirachi|100/100
|move|p2a: Zapdos|Thunderbolt|p1a: Jirachi
|-damage|p1a: Jirachi|54/100
|
|-heal|p1a: Jirachi|60/100|[from] item: Leftovers
|upkeep
|turn|6
|c|☆woeishuen|i forgot baton pass passes atk drops lmao
|
|t:|1729628054
|move|p2a: Zapdos|Thunderbolt|p1a: Jirachi
|-damage|p1a: Jirachi|17/100
|-status|p1a: Jirachi|par
|move|p1a: Jirachi|Wish|p1a: Jirachi
|
|-heal|p1a: Jirachi|24/100 par|[from] item: Leftovers
|upkeep
|turn|7
|
|t:|1729628061
|move|p1a: Jirachi|Protect|p1a: Jirachi
|-singleturn|p1a: Jirachi|Protect
|move|p2a: Zapdos|Thunderbolt|p1a: Jirachi
|-activate|p1a: Jirachi|Protect
|
|-heal|p1a: Jirachi|74/100 par|[from] move: Wish|[wisher] Jirachi
|-heal|p1a: Jirachi|80/100 par|[from] item: Leftovers
|upkeep
|turn|8
|
|t:|1729628068
|move|p2a: Zapdos|Baton Pass|p2a: Zapdos
|
|t:|1729628069
|switch|p2a: Dugtrio|Dugtrio, F|2/100|[from] Baton Pass
|move|p1a: Jirachi|Toxic|p2a: Dugtrio
|-status|p2a: Dugtrio|tox
|
|-damage|p2a: Dugtrio|0 fnt|[from] psn
|faint|p2a: Dugtrio
|-heal|p1a: Jirachi|86/100 par|[from] item: Leftovers
|upkeep
|
|t:|1729628077
|switch|p2a: Suicune|Suicune, shiny|100/100
|turn|9
|
|t:|1729628082
|switch|p1a: Celebi|Celebi|88/100
|move|p2a: Suicune|Calm Mind|p2a: Suicune
|-boost|p2a: Suicune|spa|1
|-boost|p2a: Suicune|spd|1
|
|-heal|p1a: Celebi|95/100|[from] item: Leftovers
|upkeep
|turn|10
|
|t:|1729628084
|move|p1a: Celebi|Leech Seed|p2a: Suicune
|-start|p2a: Suicune|move: Leech Seed
|move|p2a: Suicune|Ice Beam|p1a: Celebi
|-supereffective|p1a: Celebi
|-damage|p1a: Celebi|17/100
|
|-heal|p1a: Celebi|23/100|[from] item: Leftovers
|-damage|p2a: Suicune|88/100|[from] Leech Seed|[of] p1a: Celebi
|-heal|p1a: Celebi|36/100|[silent]
|upkeep
|turn|11
|
|t:|1729628104
|switch|p1a: Jirachi|Jirachi|86/100 par
|switch|p2a: Zapdos|Zapdos|100/100
|
|-heal|p1a: Jirachi|92/100 par|[from] item: Leftovers
|upkeep
|turn|12
|
|t:|1729628107
|move|p2a: Zapdos|Thunderbolt|p1a: Jirachi
|-damage|p1a: Jirachi|51/100 par
|move|p1a: Jirachi|Toxic|p2a: Zapdos
|-status|p2a: Zapdos|tox
|
|-damage|p2a: Zapdos|94/100 tox|[from] psn
|-heal|p1a: Jirachi|57/100 par|[from] item: Leftovers
|upkeep
|turn|13
|
|t:|1729628115
|switch|p2a: Suicune|Suicune, shiny|88/100
|switch|p1a: Claydol|Claydol|100/100
|
|-heal|p2a: Suicune|94/100|[from] item: Leftovers
|upkeep
|turn|14
|
|t:|1729628132
|move|p2a: Suicune|Calm Mind|p2a: Suicune
|-boost|p2a: Suicune|spa|1
|-boost|p2a: Suicune|spd|1
|move|p1a: Claydol|Explosion|p2a: Suicune
|-damage|p2a: Suicune|0 fnt
|faint|p1a: Claydol
|faint|p2a: Suicune
|
|t:|1729628144
|switch|p2a: Kingdra|Kingdra, M, shiny|100/100
|switch|p1a: Jirachi|Jirachi|57/100 par
|
|-heal|p1a: Jirachi|63/100 par|[from] item: Leftovers
|upkeep
|turn|15
|
|t:|1729628150
|switch|p1a: Suicune|Suicune|100/100
|move|p2a: Kingdra|Rain Dance|p2a: Kingdra
|-weather|RainDance
|
|-weather|RainDance|[upkeep]
|upkeep
|turn|16
|
|t:|1729628154
|move|p2a: Kingdra|Hidden Power|p1a: Suicune
|-supereffective|p1a: Suicune
|-damage|p1a: Suicune|66/100
|move|p1a: Suicune|Calm Mind|p1a: Suicune
|-boost|p1a: Suicune|spa|1
|-boost|p1a: Suicune|spd|1
|
|-weather|RainDance|[upkeep]
|-heal|p1a: Suicune|73/100|[from] item: Leftovers
|upkeep
|turn|17
|
|t:|1729628164
|switch|p2a: Heracross|Heracross, M|100/100
|move|p1a: Suicune|Surf|p2a: Heracross
|-crit|p2a: Heracross
|-damage|p2a: Heracross|0 fnt
|faint|p2a: Heracross
|c|☆woeishuen|noooooooo
|c|☆woeishuen|gg
|-message|woeishuen forfeited.
|
|win|Pak
|c|☆Pak|ggs

</script>
<script type="application/json" class="data" id="replaydata-smogtours-gen3ou-801252">
{"id":"smogtours-gen3ou-801252","format":"[Gen 3] OU","players":["Pak","woeishuen"],"uploadtime":1729628183,"views":96,"formatid":"gen3ou","rating":null,"private":0,"password":null}
</script>

<script defer src="js/replays.js?9d40a366"></script>
