<!DOCTYPE html>
<meta charset="utf-8" />
<meta name="viewport" content="width=device-width" />

<title>[Gen 3] OU: chad.lagos vs. Tyxerns - Replays - Pok&eacute;mon Showdown!</title>

<meta name="description" content="Watch a replay of a Pok&eacute;mon battle between chad.lagos and Tyxerns! Format: [Gen 3] OU; Date: Oct 2, 2024" />
<!--

Hey, you! Looking in the source for the replay log?

You can find them in JSON format, just add `.json` at the end of a replay URL.

https://replay.pokemonshowdown.com/gen7randomdoublesbattle-865046831.json

Or, if you only need the log itself, add `.log` instead:

https://replay.pokemonshowdown.com/gen7randomdoublesbattle-865046831.log

-->

<link rel="stylesheet" href="//pokemonshowdown.com/style/global.css?0.023195364461161105" />
<link rel="stylesheet" href="//play.pokemonshowdown.com/style/font-awesome.css?0.13261647063804238" />
<link rel="stylesheet" href="//play.pokemonshowdown.com/style/battle.css?0.8753245789963631" />
<link rel="stylesheet" href="//play.pokemonshowdown.com/style/utilichart.css?0.8627959624976733" />

<!-- Global site tag (gtag.js) - Google Analytics -->
<script async src="https://www.googletagmanager.com/gtag/js?id=UA-26211653-1"></script>
<script>
  window.dataLayer = window.dataLayer || [];
  function gtag(){dataLayer.push(arguments);}
  gtag('js', new Date());

  gtag('config', 'UA-26211653-1');
</script>
<!-- End Google Analytics -->
<!-- Venatus Ad Manager - Install in <HEAD> of page -->
	<script src="https://hb.vntsm.com/v3/live/ad-manager.min.js" type="text/javascript" data-site-id="642aba63ec9a7b11c3c9c1be" data-mode="scan" async></script>
<!-- / Venatus Ad Manager -->

<style>
	@media (max-width:820px) {
		.battle {
			margin: 0 auto;
		}
		.battle-log {
			margin: 7px auto 0;
			max-width: 640px;
			height: 300px;
			position: static;
		}
	}
	.optgroup {
		display: inline-block;
		line-height: 22px;
		font-size: 10pt;
	}
	.optgroup .button {
		height: 25px;
		padding-top: 0;
		padding-bottom: 0;
	}
	.optgroup button.button {
		padding-left: 12px;
		padding-right: 12px;
	}
	.linklist {
		list-style: none;
		margin: 0.5em 0;
		padding: 0;
	}
	.linklist li {
		padding: 2px 0;
	}
	.sidebar {
		float: left;
		width: 320px;
	}
	.bar-wrapper {
		max-width: 1100px;
		margin: 0 auto;
	}
	.bar-wrapper.has-sidebar {
		max-width: 1430px;
	}
	.mainbar {
		margin: 0;
		padding-right: 1px;
	}
	.mainbar.has-sidebar {
		margin-left: 330px;
	}
	@media (min-width: 1511px) {
		.sidebar {
			width: 400px;
		}
		.bar-wrapper.has-sidebar {
			max-width: 1510px;
		}
		.mainbar.has-sidebar {
			margin-left: 410px;
		}
	}
	.section.first-section {
		margin-top: 9px;
	}
	.blocklink small {
		white-space: normal;
	}
	.button {
		vertical-align: middle;
	}
	.replay-controls {
		padding-top: 10px;
	}
	.replay-controls h1 {
		font-size: 16pt;
		font-weight: normal;
		color: #CCC;
	}
	.pagelink {
		text-align: center;
	}
	.pagelink a {
		width: 150px;
	}
	.textbox, .button {
		font-size: 11pt;
		vertical-align: middle;
	}
	@media (max-width: 450px) {
		.button {
			font-size: 9pt;
		}
	}
</style>

<div>

	<header>
		<div class="nav-wrapper"><ul class="nav">
			<li><a class="button nav-first" href="//pokemonshowdown.com/"><img src="//pokemonshowdown.com/images/pokemonshowdownbeta.png" srcset="//pokemonshowdown.com/images/pokemonshowdownbeta.png 1x, //pokemonshowdown.com/images/pokemonshowdownbeta@2x.png 2x" alt="Pok&eacute;mon Showdown" width="146" height="44" /> Home</a></li>
			<li><a class="button" href="//pokemonshowdown.com/dex/">Pok&eacute;dex</a></li>
			<li><a class="button cur" href="/">Replays</a></li>
			<li><a class="button" href="//pokemonshowdown.com/ladder/">Ladder</a></li>
			<li><a class="button nav-last" href="//pokemonshowdown.com/forums/">Forum</a></li>
			<li><a class="button greenbutton nav-first nav-last" href="//play.pokemonshowdown.com/">Play</a></li>
		</ul></div>
	</header>

	<div class="main" id="main">

		<noscript><section class="section">You need to enable JavaScript to use this page; sorry!</section></noscript>

	</div>

</div>

<script defer nomodule src="//play.pokemonshowdown.com/js/lib/ps-polyfill.js"></script>
<script defer src="//play.pokemonshowdown.com/js/lib/preact.min.js"></script>

<script defer src="//play.pokemonshowdown.com/config/config.js?2bddbc15"></script>
<script defer src="//play.pokemonshowdown.com/js/lib/jquery-1.11.0.min.js"></script>
<script defer src="//play.pokemonshowdown.com/js/lib/html-sanitizer-minified.js"></script>
<script defer src="//play.pokemonshowdown.com/js/battle-sound.js"></script>
<script defer src="//play.pokemonshowdown.com/js/battledata.js?0.7209276989879541"></script>
<script defer src="//play.pokemonshowdown.com/data/pokedex-mini.js?0.6111056340867951"></script>
<script defer src="//play.pokemonshowdown.com/data/pokedex-mini-bw.js?0.3532142036491459"></script>
<script defer src="//play.pokemonshowdown.com/data/graphics.js?0.24223875632456182"></script>
<script defer src="//play.pokemonshowdown.com/data/pokedex.js?0.38839984266356864"></script>
<script defer src="//play.pokemonshowdown.com/data/moves.js?0.21866028504024015"></script>
<script defer src="//play.pokemonshowdown.com/data/abilities.js?0.2005157953846628"></script>
<script defer src="//play.pokemonshowdown.com/data/items.js?0.9894211263848525"></script>
<script defer src="//play.pokemonshowdown.com/data/teambuilder-tables.js?0.6008791140282215"></script>
<script defer src="//play.pokemonshowdown.com/js/battle-tooltips.js?0.7580118955022959"></script>
<script defer src="//play.pokemonshowdown.com/js/battle.js?0.6057722274234274"></script>

<script defer src="js/utils.js?e31f9a17"></script>
<script defer src="js/replays-battle.js?7008c182"></script>

<!-- don't scrape this data! just add .json or .log after the URL!
Full API docs: https://github.com/smogon/pokemon-showdown-client/blob/master/WEB-API.md -->
<script type="text/plain" class="log" id="replaylog-smogtours-gen3ou-794128">
|inactive|Battle timer is ON: inactive players will automatically lose when time's up.
|t:|1727911492
|gametype|singles
|player|p1|chad.lagos|cyclist|
|player|p2|Tyxerns|acerola|
|teamsize|p1|6
|teamsize|p2|6
|gen|3
|tier|[Gen 3] OU
|rule|Sleep Clause Mod: Limit one foe put to sleep
|rule|Switch Priority Clause Mod: Faster Pokémon switch first
|rule|Species Clause: Limit one of each Pokémon
|rule|OHKO Clause: OHKO moves are banned
|rule|Evasion Items Clause: Evasion items are banned
|rule|Evasion Moves Clause: Evasion moves are banned
|rule|Endless Battle Clause: Forcing endless battles is banned
|rule|HP Percentage Mod: HP is shown in percentages
|rule|One Boost Passer Clause: Limit one Baton Passer that has a way to boost its stats
|rule|Freeze Clause Mod: Limit one foe frozen
|
|t:|1727911492
|start
|switch|p1a: Zapdos|Zapdos|100/100
|switch|p2a: Skarmory|Skarmory, M, shiny|100/100
|turn|1
|
|t:|1727911505
|move|p1a: Zapdos|Baton Pass|p1a: Zapdos
|
|t:|1727911528
|switch|p1a: Suicune|Suicune|100/100|[from] Baton Pass
|move|p2a: Skarmory|Toxic|p1a: Suicune
|-status|p1a: Suicune|tox
|
|-damage|p1a: Suicune|94/100 tox|[from] psn
|upkeep
|turn|2
|
|t:|1727911545
|move|p1a: Suicune|Calm Mind|p1a: Suicune
|-boost|p1a: Suicune|spa|1
|-boost|p1a: Suicune|spd|1
|move|p2a: Skarmory|Spikes|p1a: Suicune
|-sidestart|p1: chad.lagos|Spikes
|
|-heal|p1a: Suicune|100/100 tox|[from] item: Leftovers
|-damage|p1a: Suicune|88/100 tox|[from] psn
|upkeep
|turn|3
|
|t:|1727911555
|move|p1a: Suicune|Surf|p2a: Skarmory
|-damage|p2a: Skarmory|45/100
|move|p2a: Skarmory|Spikes|p1a: Suicune
|-sidestart|p1: chad.lagos|Spikes
|
|-heal|p1a: Suicune|94/100 tox|[from] item: Leftovers
|-damage|p1a: Suicune|76/100 tox|[from] psn
|-heal|p2a: Skarmory|51/100|[from] item: Leftovers
|upkeep
|turn|4
|
|t:|1727911564
|move|p2a: Skarmory|Protect|p2a: Skarmory
|-singleturn|p2a: Skarmory|Protect
|move|p1a: Suicune|Surf|p2a: Skarmory
|-activate|p2a: Skarmory|Protect
|
|-heal|p1a: Suicune|82/100 tox|[from] item: Leftovers
|-damage|p1a: Suicune|57/100 tox|[from] psn
|-heal|p2a: Skarmory|57/100|[from] item: Leftovers
|upkeep
|turn|5
|
|t:|1727911576
|switch|p1a: Zapdos|Zapdos|100/100
|move|p2a: Skarmory|Spikes|p1a: Zapdos
|-sidestart|p1: chad.lagos|Spikes
|
|-heal|p2a: Skarmory|63/100|[from] item: Leftovers
|upkeep
|turn|6
|
|t:|1727911582
|move|p2a: Skarmory|Protect|p2a: Skarmory
|-singleturn|p2a: Skarmory|Protect
|move|p1a: Zapdos|Rain Dance|p1a: Zapdos
|-weather|RainDance
|
|-weather|RainDance|[upkeep]
|-heal|p2a: Skarmory|69/100|[from] item: Leftovers
|upkeep
|turn|7
|
|t:|1727911592
|move|p1a: Zapdos|Hidden Power|p2a: Skarmory
|-damage|p2a: Skarmory|49/100
|move|p2a: Skarmory|Toxic|p1a: Zapdos
|-status|p1a: Zapdos|tox
|
|-weather|RainDance|[upkeep]
|-damage|p1a: Zapdos|94/100 tox|[from] psn
|-heal|p2a: Skarmory|55/100|[from] item: Leftovers
|upkeep
|turn|8
|
|t:|1727911604
|move|p2a: Skarmory|Protect|p2a: Skarmory
|-singleturn|p2a: Skarmory|Protect
|move|p1a: Zapdos|Thunder|p2a: Skarmory
|-activate|p2a: Skarmory|Protect
|
|-weather|RainDance|[upkeep]
|-heal|p1a: Zapdos|100/100 tox|[from] item: Leftovers
|-damage|p1a: Zapdos|88/100 tox|[from] psn
|-heal|p2a: Skarmory|61/100|[from] item: Leftovers
|upkeep
|turn|9
|
|t:|1727911614
|move|p1a: Zapdos|Thunder|p2a: Skarmory
|-supereffective|p2a: Skarmory
|-damage|p2a: Skarmory|0 fnt
|faint|p2a: Skarmory
|
|t:|1727911618
|switch|p2a: Riley|Claydol|100/100
|
|-weather|RainDance|[upkeep]
|-heal|p1a: Zapdos|94/100 tox|[from] item: Leftovers
|-damage|p1a: Zapdos|76/100 tox|[from] psn
|upkeep
|turn|10
|
|t:|1727911631
|move|p1a: Zapdos|Rain Dance||[still]
|-fail|p1a: Zapdos
|move|p2a: Riley|Psychic|p1a: Zapdos
|-damage|p1a: Zapdos|53/100 tox
|
|-weather|none
|-heal|p1a: Zapdos|59/100 tox|[from] item: Leftovers
|-damage|p1a: Zapdos|35/100 tox|[from] psn
|upkeep
|turn|11
|
|t:|1727911643
|move|p1a: Zapdos|Rain Dance|p1a: Zapdos
|-weather|RainDance
|move|p2a: Riley|Psychic|p1a: Zapdos
|-damage|p1a: Zapdos|11/100 tox
|
|-weather|RainDance|[upkeep]
|-heal|p1a: Zapdos|17/100 tox|[from] item: Leftovers
|-damage|p1a: Zapdos|0 fnt|[from] psn
|faint|p1a: Zapdos
|upkeep
|
|t:|1727911651
|switch|p1a: Kingdra|Kingdra, M|100/100
|-damage|p1a: Kingdra|76/100|[from] Spikes
|turn|12
|
|t:|1727911667
|switch|p2a: Vaporeon|Vaporeon, F|100/100
|move|p1a: Kingdra|Ice Beam|p2a: Vaporeon
|-resisted|p2a: Vaporeon
|-damage|p2a: Vaporeon|89/100
|-status|p2a: Vaporeon|frz
|
|-weather|RainDance|[upkeep]
|-heal|p2a: Vaporeon|96/100 frz|[from] item: Leftovers
|upkeep
|turn|13
|
|t:|1727911677
|move|p1a: Kingdra|Hidden Power|p2a: Vaporeon
|-supereffective|p2a: Vaporeon
|-damage|p2a: Vaporeon|64/100 frz
|cant|p2a: Vaporeon|frz
|
|-weather|RainDance|[upkeep]
|-heal|p2a: Vaporeon|70/100 frz|[from] item: Leftovers
|upkeep
|turn|14
|
|t:|1727911687
|move|p1a: Kingdra|Hidden Power|p2a: Vaporeon
|-supereffective|p2a: Vaporeon
|-damage|p2a: Vaporeon|35/100 frz
|cant|p2a: Vaporeon|frz
|
|-weather|RainDance|[upkeep]
|-heal|p2a: Vaporeon|41/100 frz|[from] item: Leftovers
|upkeep
|turn|15
|
|t:|1727911707
|switch|p2a: Jirachi|Jirachi, shiny|100/100
|move|p1a: Kingdra|Hidden Power|p2a: Jirachi
|-resisted|p2a: Jirachi
|-damage|p2a: Jirachi|92/100
|
|-weather|none
|-heal|p2a: Jirachi|98/100|[from] item: Leftovers
|upkeep
|turn|16
|
|t:|1727911732
|switch|p1a: Celebi|Celebi|100/100
|-damage|p1a: Celebi|76/100|[from] Spikes
|move|p2a: Jirachi|Calm Mind|p2a: Jirachi
|-boost|p2a: Jirachi|spa|1
|-boost|p2a: Jirachi|spd|1
|
|-heal|p1a: Celebi|82/100|[from] item: Leftovers
|-heal|p2a: Jirachi|100/100|[from] item: Leftovers
|upkeep
|turn|17
|
|t:|1727911746
|move|p1a: Celebi|Leech Seed|p2a: Jirachi
|-start|p2a: Jirachi|move: Leech Seed
|move|p2a: Jirachi|Calm Mind|p2a: Jirachi
|-boost|p2a: Jirachi|spa|1
|-boost|p2a: Jirachi|spd|1
|
|-heal|p1a: Celebi|88/100|[from] item: Leftovers
|-damage|p2a: Jirachi|88/100|[from] Leech Seed|[of] p1a: Celebi
|-heal|p1a: Celebi|100/100|[silent]
|upkeep
|turn|18
|
|t:|1727911770
|move|p1a: Celebi|Hidden Power|p2a: Jirachi
|-supereffective|p2a: Jirachi
|-damage|p2a: Jirachi|70/100
|move|p2a: Jirachi|Fire Punch|p1a: Celebi
|-supereffective|p1a: Celebi
|-damage|p1a: Celebi|14/100
|-status|p1a: Celebi|brn
|
|-heal|p1a: Celebi|20/100 brn|[from] item: Leftovers
|-damage|p1a: Celebi|8/100 brn|[from] brn
|-heal|p2a: Jirachi|76/100|[from] item: Leftovers
|-damage|p2a: Jirachi|63/100|[from] Leech Seed|[of] p1a: Celebi
|-heal|p1a: Celebi|22/100 brn|[silent]
|upkeep
|turn|19
|
|t:|1727911786
|-curestatus|p1a: Celebi|brn|[from] ability: Natural Cure
|switch|p1a: Dugtrio|Dugtrio, F|100/100
|-damage|p1a: Dugtrio|76/100|[from] Spikes
|move|p2a: Jirachi|Fire Punch|p1a: Dugtrio
|-damage|p1a: Dugtrio|0 fnt
|faint|p1a: Dugtrio
|inactive|chad.lagos has 270 seconds left.
|
|t:|1727911807
|switch|p1a: Heracross|Heracross, M|100/100
|-damage|p1a: Heracross|75/100|[from] Spikes
|
|-heal|p2a: Jirachi|69/100|[from] item: Leftovers
|-damage|p2a: Jirachi|57/100|[from] Leech Seed|[of] p1a: Heracross
|-heal|p1a: Heracross|92/100|[silent]
|upkeep
|turn|20
|inactive|chad.lagos has 270 seconds left.
|
|t:|1727911827
|switch|p2a: Dusclops|Dusclops, M, shiny|100/100
|move|p1a: Heracross|Megahorn|p2a: Dusclops
|-resisted|p2a: Dusclops
|-damage|p2a: Dusclops|68/100
|
|-heal|p2a: Dusclops|74/100|[from] item: Leftovers
|upkeep
|turn|21
|
|t:|1727911836
|move|p1a: Heracross|Substitute|p1a: Heracross
|-start|p1a: Heracross|Substitute
|-damage|p1a: Heracross|67/100
|move|p2a: Dusclops|Will-O-Wisp|p1a: Heracross|[miss]
|-miss|p2a: Dusclops|p1a: Heracross
|
|-heal|p2a: Dusclops|80/100|[from] item: Leftovers
|upkeep
|turn|22
|
|t:|1727911847
|move|p1a: Heracross|Swords Dance|p1a: Heracross
|-boost|p1a: Heracross|atk|2
|move|p2a: Dusclops|Shadow Ball|p1a: Heracross
|-end|p1a: Heracross|Substitute
|
|-heal|p2a: Dusclops|86/100|[from] item: Leftovers
|upkeep
|turn|23
|
|t:|1727911858
|move|p1a: Heracross|Megahorn|p2a: Dusclops
|-resisted|p2a: Dusclops
|-damage|p2a: Dusclops|25/100
|move|p2a: Dusclops|Shadow Ball|p1a: Heracross
|-damage|p1a: Heracross|34/100
|
|-heal|p2a: Dusclops|31/100|[from] item: Leftovers
|upkeep
|turn|24
|
|t:|1727911870
|move|p1a: Heracross|Megahorn|p2a: Dusclops
|-resisted|p2a: Dusclops
|-damage|p2a: Dusclops|0 fnt
|faint|p2a: Dusclops
|
|t:|1727911875
|switch|p2a: Houndoom|Houndoom, M, shiny|100/100
|
|upkeep
|turn|25
|inactive|chad.lagos has 270 seconds left.
|
|t:|1727911913
|move|p2a: Houndoom|Fire Blast|p1a: Heracross
|-supereffective|p1a: Heracross
|-damage|p1a: Heracross|0 fnt
|faint|p1a: Heracross
|
|t:|1727911923
|switch|p1a: Kingdra|Kingdra, M|76/100
|-damage|p1a: Kingdra|51/100|[from] Spikes
|
|upkeep
|turn|26
|
|t:|1727911934
|switch|p2a: Jirachi|Jirachi, shiny|57/100
|move|p1a: Kingdra|Rain Dance|p1a: Kingdra
|-weather|RainDance
|
|-weather|RainDance|[upkeep]
|-heal|p2a: Jirachi|63/100|[from] item: Leftovers
|upkeep
|turn|27
|
|t:|1727911940
|move|p1a: Kingdra|Surf|p2a: Jirachi
|-damage|p2a: Jirachi|11/100
|move|p2a: Jirachi|Psychic|p1a: Kingdra
|-damage|p1a: Kingdra|0 fnt
|faint|p1a: Kingdra
|
|t:|1727911946
|switch|p1a: Suicune|Suicune|57/100 tox
|-damage|p1a: Suicune|32/100 tox|[from] Spikes
|
|-weather|RainDance|[upkeep]
|-heal|p2a: Jirachi|17/100|[from] item: Leftovers
|-heal|p1a: Suicune|38/100 tox|[from] item: Leftovers
|-damage|p1a: Suicune|32/100 tox|[from] psn
|upkeep
|turn|28
|
|t:|1727911955
|move|p2a: Jirachi|Hidden Power|p1a: Suicune
|-supereffective|p1a: Suicune
|-damage|p1a: Suicune|0 fnt
|faint|p1a: Suicune
|
|t:|1727911958
|switch|p1a: Celebi|Celebi|22/100
|-damage|p1a: Celebi|0 fnt|[from] Spikes
|faint|p1a: Celebi
|
|win|Tyxerns
|c|☆chad.lagos|gg
|c|☆Tyxerns|gg
|player|p1|
|player|p2|
|player|p2|Tyxerns|acerola|

</script>
<script type="application/json" class="data" id="replaydata-smogtours-gen3ou-794128">
{"id":"smogtours-gen3ou-794128","format":"[Gen 3] OU","players":["chad.lagos","Tyxerns"],"uploadtime":1727911958,"views":127,"formatid":"gen3ou","rating":null,"private":0,"password":null}
</script>

<script defer src="js/replays.js?9d40a366"></script>
