<!DOCTYPE html>
<meta charset="utf-8" />
<meta name="viewport" content="width=device-width" />

<title>[Gen 3] OU: swope vs. Team Constantin - Replays - Pok&eacute;mon Showdown!</title>

<meta name="description" content="Watch a replay of a Pok&eacute;mon battle between swope and Team Constantin! Format: [Gen 3] OU; Date: Oct 8, 2024" />
<!--

Hey, you! Looking in the source for the replay log?

You can find them in JSON format, just add `.json` at the end of a replay URL.

https://replay.pokemonshowdown.com/gen7randomdoublesbattle-865046831.json

Or, if you only need the log itself, add `.log` instead:

https://replay.pokemonshowdown.com/gen7randomdoublesbattle-865046831.log

-->

<link rel="stylesheet" href="//pokemonshowdown.com/style/global.css?0.023195364461161105" />
<link rel="stylesheet" href="//play.pokemonshowdown.com/style/font-awesome.css?0.13261647063804238" />
<link rel="stylesheet" href="//play.pokemonshowdown.com/style/battle.css?0.8753245789963631" />
<link rel="stylesheet" href="//play.pokemonshowdown.com/style/utilichart.css?0.8627959624976733" />

<!-- Global site tag (gtag.js) - Google Analytics -->
<script async src="https://www.googletagmanager.com/gtag/js?id=UA-26211653-1"></script>
<script>
  window.dataLayer = window.dataLayer || [];
  function gtag(){dataLayer.push(arguments);}
  gtag('js', new Date());

  gtag('config', 'UA-26211653-1');
</script>
<!-- End Google Analytics -->
<!-- Venatus Ad Manager - Install in <HEAD> of page -->
	<script src="https://hb.vntsm.com/v3/live/ad-manager.min.js" type="text/javascript" data-site-id="642aba63ec9a7b11c3c9c1be" data-mode="scan" async></script>
<!-- / Venatus Ad Manager -->

<style>
	@media (max-width:820px) {
		.battle {
			margin: 0 auto;
		}
		.battle-log {
			margin: 7px auto 0;
			max-width: 640px;
			height: 300px;
			position: static;
		}
	}
	.optgroup {
		display: inline-block;
		line-height: 22px;
		font-size: 10pt;
	}
	.optgroup .button {
		height: 25px;
		padding-top: 0;
		padding-bottom: 0;
	}
	.optgroup button.button {
		padding-left: 12px;
		padding-right: 12px;
	}
	.linklist {
		list-style: none;
		margin: 0.5em 0;
		padding: 0;
	}
	.linklist li {
		padding: 2px 0;
	}
	.sidebar {
		float: left;
		width: 320px;
	}
	.bar-wrapper {
		max-width: 1100px;
		margin: 0 auto;
	}
	.bar-wrapper.has-sidebar {
		max-width: 1430px;
	}
	.mainbar {
		margin: 0;
		padding-right: 1px;
	}
	.mainbar.has-sidebar {
		margin-left: 330px;
	}
	@media (min-width: 1511px) {
		.sidebar {
			width: 400px;
		}
		.bar-wrapper.has-sidebar {
			max-width: 1510px;
		}
		.mainbar.has-sidebar {
			margin-left: 410px;
		}
	}
	.section.first-section {
		margin-top: 9px;
	}
	.blocklink small {
		white-space: normal;
	}
	.button {
		vertical-align: middle;
	}
	.replay-controls {
		padding-top: 10px;
	}
	.replay-controls h1 {
		font-size: 16pt;
		font-weight: normal;
		color: #CCC;
	}
	.pagelink {
		text-align: center;
	}
	.pagelink a {
		width: 150px;
	}
	.textbox, .button {
		font-size: 11pt;
		vertical-align: middle;
	}
	@media (max-width: 450px) {
		.button {
			font-size: 9pt;
		}
	}
</style>

<div>

	<header>
		<div class="nav-wrapper"><ul class="nav">
			<li><a class="button nav-first" href="//pokemonshowdown.com/"><img src="//pokemonshowdown.com/images/pokemonshowdownbeta.png" srcset="//pokemonshowdown.com/images/pokemonshowdownbeta.png 1x, //pokemonshowdown.com/images/pokemonshowdownbeta@2x.png 2x" alt="Pok&eacute;mon Showdown" width="146" height="44" /> Home</a></li>
			<li><a class="button" href="//pokemonshowdown.com/dex/">Pok&eacute;dex</a></li>
			<li><a class="button cur" href="/">Replays</a></li>
			<li><a class="button" href="//pokemonshowdown.com/ladder/">Ladder</a></li>
			<li><a class="button nav-last" href="//pokemonshowdown.com/forums/">Forum</a></li>
			<li><a class="button greenbutton nav-first nav-last" href="//play.pokemonshowdown.com/">Play</a></li>
		</ul></div>
	</header>

	<div class="main" id="main">

		<noscript><section class="section">You need to enable JavaScript to use this page; sorry!</section></noscript>

	</div>

</div>

<script defer nomodule src="//play.pokemonshowdown.com/js/lib/ps-polyfill.js"></script>
<script defer src="//play.pokemonshowdown.com/js/lib/preact.min.js"></script>

<script defer src="//play.pokemonshowdown.com/config/config.js?2bddbc15"></script>
<script defer src="//play.pokemonshowdown.com/js/lib/jquery-1.11.0.min.js"></script>
<script defer src="//play.pokemonshowdown.com/js/lib/html-sanitizer-minified.js"></script>
<script defer src="//play.pokemonshowdown.com/js/battle-sound.js"></script>
<script defer src="//play.pokemonshowdown.com/js/battledata.js?0.7209276989879541"></script>
<script defer src="//play.pokemonshowdown.com/data/pokedex-mini.js?0.6111056340867951"></script>
<script defer src="//play.pokemonshowdown.com/data/pokedex-mini-bw.js?0.3532142036491459"></script>
<script defer src="//play.pokemonshowdown.com/data/graphics.js?0.24223875632456182"></script>
<script defer src="//play.pokemonshowdown.com/data/pokedex.js?0.38839984266356864"></script>
<script defer src="//play.pokemonshowdown.com/data/moves.js?0.21866028504024015"></script>
<script defer src="//play.pokemonshowdown.com/data/abilities.js?0.2005157953846628"></script>
<script defer src="//play.pokemonshowdown.com/data/items.js?0.9894211263848525"></script>
<script defer src="//play.pokemonshowdown.com/data/teambuilder-tables.js?0.6008791140282215"></script>
<script defer src="//play.pokemonshowdown.com/js/battle-tooltips.js?0.7580118955022959"></script>
<script defer src="//play.pokemonshowdown.com/js/battle.js?0.6057722274234274"></script>

<script defer src="js/utils.js?e31f9a17"></script>
<script defer src="js/replays-battle.js?7008c182"></script>

<!-- don't scrape this data! just add .json or .log after the URL!
Full API docs: https://github.com/smogon/pokemon-showdown-client/blob/master/WEB-API.md -->
<script type="text/plain" class="log" id="replaylog-smogtours-gen3ou-796389">
|inactive|Battle timer is ON: inactive players will automatically lose when time's up.
|t:|1728404800
|gametype|singles
|player|p1|swope|1|
|player|p2|Team Constantin|hilbert-wonderlauncher|
|teamsize|p1|6
|teamsize|p2|6
|gen|3
|tier|[Gen 3] OU
|rule|Sleep Clause Mod: Limit one foe put to sleep
|rule|Switch Priority Clause Mod: Faster Pokémon switch first
|rule|Species Clause: Limit one of each Pokémon
|rule|OHKO Clause: OHKO moves are banned
|rule|Evasion Items Clause: Evasion items are banned
|rule|Evasion Moves Clause: Evasion moves are banned
|rule|Endless Battle Clause: Forcing endless battles is banned
|rule|HP Percentage Mod: HP is shown in percentages
|rule|One Boost Passer Clause: Limit one Baton Passer that has a way to boost its stats
|rule|Freeze Clause Mod: Limit one foe frozen
|
|t:|1728404800
|start
|switch|p1a: Zapdos|Zapdos|100/100
|switch|p2a: Metagross|Metagross|100/100
|turn|1
|c|☆Team Constantin|hf
|c|☆swope|hf
|
|t:|1728404820
|move|p1a: Zapdos|Thunder Wave|p2a: Metagross
|-status|p2a: Metagross|par
|cant|p2a: Metagross|par
|
|upkeep
|turn|2
|
|t:|1728404846
|move|p1a: Zapdos|Thunderbolt|p2a: Metagross
|-crit|p2a: Metagross
|-damage|p2a: Metagross|0 fnt
|faint|p2a: Metagross
|
|t:|1728404857
|switch|p2a: Snorlax|Snorlax, F|100/100
|
|upkeep
|turn|3
|
|t:|1728404872
|move|p1a: Zapdos|Baton Pass|p1a: Zapdos
|
|t:|1728404873
|switch|p1a: Gengar|Gengar, F|100/100|[from] Baton Pass
|move|p2a: Snorlax|Earthquake|p1a: Gengar
|-immune|p1a: Gengar
|
|upkeep
|turn|4
|
|t:|1728404879
|move|p1a: Gengar|Will-O-Wisp|p2a: Snorlax
|-status|p2a: Snorlax|brn
|-enditem|p2a: Snorlax|Lum Berry|[eat]
|-curestatus|p2a: Snorlax|brn|[msg]
|move|p2a: Snorlax|Shadow Ball|p1a: Gengar
|-supereffective|p1a: Gengar
|-damage|p1a: Gengar|22/100
|
|-heal|p1a: Gengar|28/100|[from] item: Leftovers
|upkeep
|turn|5
|
|t:|1728404898
|move|p1a: Gengar|Will-O-Wisp|p2a: Snorlax|[miss]
|-miss|p1a: Gengar|p2a: Snorlax
|move|p2a: Snorlax|Shadow Ball|p1a: Gengar
|-supereffective|p1a: Gengar
|-damage|p1a: Gengar|0 fnt
|faint|p1a: Gengar
|inactive|swope has 270 seconds left.
|
|t:|1728404919
|switch|p1a: Celebi|Celebi|100/100
|
|upkeep
|turn|6
|
|t:|1728404935
|switch|p2a: Flygon|Flygon, M|100/100
|move|p1a: Celebi|Calm Mind|p1a: Celebi
|-boost|p1a: Celebi|spa|1
|-boost|p1a: Celebi|spd|1
|
|upkeep
|turn|7
|inactive|swope has 270 seconds left.
|
|t:|1728404980
|switch|p1a: Zapdos|Zapdos|100/100
|move|p2a: Flygon|Hidden Power|p1a: Zapdos
|-resisted|p1a: Zapdos
|-damage|p1a: Zapdos|86/100
|
|-heal|p1a: Zapdos|92/100|[from] item: Leftovers
|upkeep
|turn|8
|
|t:|1728404990
|switch|p2a: Snorlax|Snorlax, F|100/100
|move|p1a: Zapdos|Hidden Power|p2a: Snorlax
|-damage|p2a: Snorlax|87/100
|
|-heal|p1a: Zapdos|98/100|[from] item: Leftovers
|upkeep
|turn|9
|
|t:|1728404998
|move|p1a: Zapdos|Thunder Wave|p2a: Snorlax
|-status|p2a: Snorlax|par
|move|p2a: Snorlax|Return|p1a: Zapdos
|-damage|p1a: Zapdos|49/100
|
|-heal|p1a: Zapdos|55/100|[from] item: Leftovers
|upkeep
|turn|10
|inactive|swope has 270 seconds left.
|
|t:|1728405008
|move|p1a: Zapdos|Baton Pass|p1a: Zapdos
|
|t:|1728405026
|switch|p1a: Celebi|Celebi|100/100|[from] Baton Pass
|move|p2a: Snorlax|Return|p1a: Celebi
|-damage|p1a: Celebi|55/100
|
|-heal|p1a: Celebi|61/100|[from] item: Leftovers
|upkeep
|turn|11
|inactive|swope has 240 seconds left.
|inactive|Team Constantin has 270 seconds left.
|
|t:|1728405068
|move|p1a: Celebi|Calm Mind|p1a: Celebi
|-boost|p1a: Celebi|spa|1
|-boost|p1a: Celebi|spd|1
|move|p2a: Snorlax|Return|p1a: Celebi
|-damage|p1a: Celebi|14/100
|
|-heal|p1a: Celebi|20/100|[from] item: Leftovers
|upkeep
|turn|12
|inactive|swope has 240 seconds left.
|
|t:|1728405077
|move|p1a: Celebi|Baton Pass|p1a: Celebi
|inactive|swope has 240 seconds left.
|
|t:|1728405101
|switch|p1a: Dugtrio|Dugtrio, M|100/100|[from] Baton Pass
|cant|p2a: Snorlax|par
|
|upkeep
|turn|13
|inactive|Team Constantin has 270 seconds left.
|
|t:|1728405119
|move|p1a: Dugtrio|Earthquake|p2a: Snorlax
|-damage|p2a: Snorlax|51/100 par
|move|p2a: Snorlax|Return|p1a: Dugtrio
|-damage|p1a: Dugtrio|0 fnt
|faint|p1a: Dugtrio
|
|t:|1728405134
|switch|p1a: Suicune|Suicune|100/100
|
|upkeep
|turn|14
|
|t:|1728405141
|move|p1a: Suicune|Calm Mind|p1a: Suicune
|-boost|p1a: Suicune|spa|1
|-boost|p1a: Suicune|spd|1
|move|p2a: Snorlax|Self-Destruct|p1a: Suicune
|-damage|p1a: Suicune|0 fnt
|faint|p2a: Snorlax
|faint|p1a: Suicune
|
|t:|1728405152
|switch|p1a: Zapdos|Zapdos|55/100
|switch|p2a: Flygon|Flygon, M|100/100
|
|-heal|p1a: Zapdos|61/100|[from] item: Leftovers
|upkeep
|turn|15
|
|t:|1728405166
|switch|p1a: Jirachi|Jirachi|100/100
|move|p2a: Flygon|Rock Slide|p1a: Jirachi
|-resisted|p1a: Jirachi
|-damage|p1a: Jirachi|87/100
|
|-heal|p1a: Jirachi|93/100|[from] item: Leftovers
|upkeep
|turn|16
|
|t:|1728405187
|switch|p2a: Gyarados|Gyarados, F|100/100
|-ability|p2a: Gyarados|Intimidate|boost
|-unboost|p1a: Jirachi|atk|1
|move|p1a: Jirachi|Calm Mind|p1a: Jirachi
|-boost|p1a: Jirachi|spa|1
|-boost|p1a: Jirachi|spd|1
|
|-heal|p1a: Jirachi|99/100|[from] item: Leftovers
|upkeep
|turn|17
|
|t:|1728405201
|move|p1a: Jirachi|Psychic|p2a: Gyarados
|-damage|p2a: Gyarados|43/100
|move|p2a: Gyarados|Earthquake|p1a: Jirachi
|-supereffective|p1a: Jirachi
|-damage|p1a: Jirachi|37/100
|
|-heal|p1a: Jirachi|43/100|[from] item: Leftovers
|-heal|p2a: Gyarados|49/100|[from] item: Leftovers
|upkeep
|turn|18
|
|t:|1728405214
|move|p1a: Jirachi|Psychic|p2a: Gyarados
|-damage|p2a: Gyarados|0 fnt
|faint|p2a: Gyarados
|
|t:|1728405216
|switch|p2a: Tyranitar|Tyranitar, F|100/100
|-weather|Sandstorm|[from] ability: Sand Stream|[of] p2a: Tyranitar
|
|-weather|Sandstorm|[upkeep]
|-heal|p1a: Jirachi|49/100|[from] item: Leftovers
|upkeep
|turn|19
|
|t:|1728405231
|move|p1a: Jirachi|Hidden Power|p2a: Tyranitar
|-supereffective|p2a: Tyranitar
|-damage|p2a: Tyranitar|44/100
|move|p2a: Tyranitar|Dragon Dance|p2a: Tyranitar
|-boost|p2a: Tyranitar|atk|1
|-boost|p2a: Tyranitar|spe|1
|
|-weather|Sandstorm|[upkeep]
|-heal|p1a: Jirachi|56/100|[from] item: Leftovers
|upkeep
|turn|20
|
|t:|1728405238
|move|p2a: Tyranitar|Earthquake|p1a: Jirachi
|-supereffective|p1a: Jirachi
|-damage|p1a: Jirachi|0 fnt
|faint|p1a: Jirachi
|
|t:|1728405257
|switch|p1a: Celebi|Celebi|20/100
|
|-weather|Sandstorm|[upkeep]
|-damage|p1a: Celebi|14/100|[from] Sandstorm
|-heal|p1a: Celebi|20/100|[from] item: Leftovers
|upkeep
|turn|21
|
|t:|1728405264
|move|p2a: Tyranitar|Hidden Power|p1a: Celebi
|-supereffective|p1a: Celebi
|-damage|p1a: Celebi|0 fnt
|faint|p1a: Celebi
|
|t:|1728405268
|switch|p1a: Zapdos|Zapdos|61/100
|
|-weather|Sandstorm|[upkeep]
|-damage|p1a: Zapdos|55/100|[from] Sandstorm
|-heal|p1a: Zapdos|61/100|[from] item: Leftovers
|upkeep
|turn|22
|
|t:|1728405277
|move|p2a: Tyranitar|Rock Slide|p1a: Zapdos
|-supereffective|p1a: Zapdos
|-damage|p1a: Zapdos|0 fnt
|faint|p1a: Zapdos
|
|win|Team Constantin
|c|☆Team Constantin|gg

</script>
<script type="application/json" class="data" id="replaydata-smogtours-gen3ou-796389">
{"id":"smogtours-gen3ou-796389","format":"[Gen 3] OU","players":["swope","Team Constantin"],"uploadtime":1728405277,"views":92,"formatid":"gen3ou","rating":null,"private":0,"password":null}
</script>

<script defer src="js/replays.js?9d40a366"></script>
