<!DOCTYPE html>
<meta charset="utf-8" />
<meta name="viewport" content="width=device-width" />

<title>[Gen 3] OU: yt-cyber-dj vs. resen65 - Replays - Pok&eacute;mon Showdown!</title>

<meta name="description" content="Watch a replay of a Pok&eacute;mon battle between yt-cyber-dj and resen65! Format: [Gen 3] OU; Date: Oct 21, 2024" />
<!--

Hey, you! Looking in the source for the replay log?

You can find them in JSON format, just add `.json` at the end of a replay URL.

https://replay.pokemonshowdown.com/gen7randomdoublesbattle-865046831.json

Or, if you only need the log itself, add `.log` instead:

https://replay.pokemonshowdown.com/gen7randomdoublesbattle-865046831.log

-->

<link rel="stylesheet" href="//pokemonshowdown.com/style/global.css?0.023195364461161105" />
<link rel="stylesheet" href="//play.pokemonshowdown.com/style/font-awesome.css?0.13261647063804238" />
<link rel="stylesheet" href="//play.pokemonshowdown.com/style/battle.css?0.8753245789963631" />
<link rel="stylesheet" href="//play.pokemonshowdown.com/style/utilichart.css?0.8627959624976733" />

<!-- Global site tag (gtag.js) - Google Analytics -->
<script async src="https://www.googletagmanager.com/gtag/js?id=UA-26211653-1"></script>
<script>
  window.dataLayer = window.dataLayer || [];
  function gtag(){dataLayer.push(arguments);}
  gtag('js', new Date());

  gtag('config', 'UA-26211653-1');
</script>
<!-- End Google Analytics -->
<!-- Venatus Ad Manager - Install in <HEAD> of page -->
	<script src="https://hb.vntsm.com/v3/live/ad-manager.min.js" type="text/javascript" data-site-id="642aba63ec9a7b11c3c9c1be" data-mode="scan" async></script>
<!-- / Venatus Ad Manager -->

<style>
	@media (max-width:820px) {
		.battle {
			margin: 0 auto;
		}
		.battle-log {
			margin: 7px auto 0;
			max-width: 640px;
			height: 300px;
			position: static;
		}
	}
	.optgroup {
		display: inline-block;
		line-height: 22px;
		font-size: 10pt;
	}
	.optgroup .button {
		height: 25px;
		padding-top: 0;
		padding-bottom: 0;
	}
	.optgroup button.button {
		padding-left: 12px;
		padding-right: 12px;
	}
	.linklist {
		list-style: none;
		margin: 0.5em 0;
		padding: 0;
	}
	.linklist li {
		padding: 2px 0;
	}
	.sidebar {
		float: left;
		width: 320px;
	}
	.bar-wrapper {
		max-width: 1100px;
		margin: 0 auto;
	}
	.bar-wrapper.has-sidebar {
		max-width: 1430px;
	}
	.mainbar {
		margin: 0;
		padding-right: 1px;
	}
	.mainbar.has-sidebar {
		margin-left: 330px;
	}
	@media (min-width: 1511px) {
		.sidebar {
			width: 400px;
		}
		.bar-wrapper.has-sidebar {
			max-width: 1510px;
		}
		.mainbar.has-sidebar {
			margin-left: 410px;
		}
	}
	.section.first-section {
		margin-top: 9px;
	}
	.blocklink small {
		white-space: normal;
	}
	.button {
		vertical-align: middle;
	}
	.replay-controls {
		padding-top: 10px;
	}
	.replay-controls h1 {
		font-size: 16pt;
		font-weight: normal;
		color: #CCC;
	}
	.pagelink {
		text-align: center;
	}
	.pagelink a {
		width: 150px;
	}
	.textbox, .button {
		font-size: 11pt;
		vertical-align: middle;
	}
	@media (max-width: 450px) {
		.button {
			font-size: 9pt;
		}
	}
</style>

<div>

	<header>
		<div class="nav-wrapper"><ul class="nav">
			<li><a class="button nav-first" href="//pokemonshowdown.com/"><img src="//pokemonshowdown.com/images/pokemonshowdownbeta.png" srcset="//pokemonshowdown.com/images/pokemonshowdownbeta.png 1x, //pokemonshowdown.com/images/pokemonshowdownbeta@2x.png 2x" alt="Pok&eacute;mon Showdown" width="146" height="44" /> Home</a></li>
			<li><a class="button" href="//pokemonshowdown.com/dex/">Pok&eacute;dex</a></li>
			<li><a class="button cur" href="/">Replays</a></li>
			<li><a class="button" href="//pokemonshowdown.com/ladder/">Ladder</a></li>
			<li><a class="button nav-last" href="//pokemonshowdown.com/forums/">Forum</a></li>
			<li><a class="button greenbutton nav-first nav-last" href="//play.pokemonshowdown.com/">Play</a></li>
		</ul></div>
	</header>

	<div class="main" id="main">

		<noscript><section class="section">You need to enable JavaScript to use this page; sorry!</section></noscript>

	</div>

</div>

<script defer nomodule src="//play.pokemonshowdown.com/js/lib/ps-polyfill.js"></script>
<script defer src="//play.pokemonshowdown.com/js/lib/preact.min.js"></script>

<script defer src="//play.pokemonshowdown.com/config/config.js?2bddbc15"></script>
<script defer src="//play.pokemonshowdown.com/js/lib/jquery-1.11.0.min.js"></script>
<script defer src="//play.pokemonshowdown.com/js/lib/html-sanitizer-minified.js"></script>
<script defer src="//play.pokemonshowdown.com/js/battle-sound.js"></script>
<script defer src="//play.pokemonshowdown.com/js/battledata.js?0.7209276989879541"></script>
<script defer src="//play.pokemonshowdown.com/data/pokedex-mini.js?0.6111056340867951"></script>
<script defer src="//play.pokemonshowdown.com/data/pokedex-mini-bw.js?0.3532142036491459"></script>
<script defer src="//play.pokemonshowdown.com/data/graphics.js?0.24223875632456182"></script>
<script defer src="//play.pokemonshowdown.com/data/pokedex.js?0.38839984266356864"></script>
<script defer src="//play.pokemonshowdown.com/data/moves.js?0.21866028504024015"></script>
<script defer src="//play.pokemonshowdown.com/data/abilities.js?0.2005157953846628"></script>
<script defer src="//play.pokemonshowdown.com/data/items.js?0.9894211263848525"></script>
<script defer src="//play.pokemonshowdown.com/data/teambuilder-tables.js?0.6008791140282215"></script>
<script defer src="//play.pokemonshowdown.com/js/battle-tooltips.js?0.7580118955022959"></script>
<script defer src="//play.pokemonshowdown.com/js/battle.js?0.6057722274234274"></script>

<script defer src="js/utils.js?e31f9a17"></script>
<script defer src="js/replays-battle.js?7008c182"></script>

<!-- don't scrape this data! just add .json or .log after the URL!
Full API docs: https://github.com/smogon/pokemon-showdown-client/blob/master/WEB-API.md -->
<script type="text/plain" class="log" id="replaylog-smogtours-gen3ou-801078">
|inactive|Battle timer is ON: inactive players will automatically lose when time's up.
|t:|1729539276
|gametype|singles
|player|p1|yt-cyber-dj|gambler|
|player|p2|resen65|170|
|teamsize|p1|6
|teamsize|p2|6
|gen|3
|tier|[Gen 3] OU
|rule|Sleep Clause Mod: Limit one foe put to sleep
|rule|Switch Priority Clause Mod: Faster Pokémon switch first
|rule|Species Clause: Limit one of each Pokémon
|rule|OHKO Clause: OHKO moves are banned
|rule|Evasion Items Clause: Evasion items are banned
|rule|Evasion Moves Clause: Evasion moves are banned
|rule|Endless Battle Clause: Forcing endless battles is banned
|rule|HP Percentage Mod: HP is shown in percentages
|rule|One Boost Passer Clause: Limit one Baton Passer that has a way to boost its stats
|rule|Freeze Clause Mod: Limit one foe frozen
|
|t:|1729539276
|start
|switch|p1a: Salami|Salamence, M, shiny|100/100
|switch|p2a: Metagross|Metagross|100/100
|-ability|p1a: Salami|Intimidate|boost
|-fail|p2a: Metagross|unboost|[from] ability: Clear Body|[of] p2a: Metagross
|turn|1
|c|☆yt-cyber-dj|GLHF
|c|☆resen65|glhf!
|
|t:|1729539302
|move|p1a: Salami|Earthquake|p2a: Metagross
|-supereffective|p2a: Metagross
|-damage|p2a: Metagross|10/100
|move|p2a: Metagross|Rock Slide|p1a: Salami|[miss]
|-miss|p2a: Metagross|p1a: Salami
|
|upkeep
|turn|2
|
|t:|1729539313
|switch|p2a: Gengar|Gengar, M|100/100
|move|p1a: Salami|Earthquake|p2a: Gengar
|-immune|p2a: Gengar
|
|upkeep
|turn|3
|
|t:|1729539320
|switch|p1a: Big Scary Pink|Blissey, F|100/100
|move|p2a: Gengar|Will-O-Wisp|p1a: Big Scary Pink
|-status|p1a: Big Scary Pink|brn
|
|-damage|p1a: Big Scary Pink|88/100 brn|[from] brn
|upkeep
|turn|4
|
|t:|1729539333
|switch|p2a: Snorlax|Snorlax, F|100/100
|move|p1a: Big Scary Pink|Thunderbolt|p2a: Snorlax
|-damage|p2a: Snorlax|83/100
|
|-heal|p1a: Big Scary Pink|94/100 brn|[from] item: Leftovers
|-damage|p1a: Big Scary Pink|82/100 brn|[from] brn
|-heal|p2a: Snorlax|89/100|[from] item: Leftovers
|upkeep
|turn|5
|
|t:|1729539355
|-curestatus|p1a: Big Scary Pink|brn|[from] ability: Natural Cure
|switch|p1a: Gutsy Shinobi|Hariyama, M|100/100
|move|p2a: Snorlax|Curse|p2a: Snorlax
|-unboost|p2a: Snorlax|spe|1
|-boost|p2a: Snorlax|atk|1
|-boost|p2a: Snorlax|def|1
|
|-heal|p2a: Snorlax|95/100|[from] item: Leftovers
|upkeep
|turn|6
|inactive|resen65 has 270 seconds left.
|
|t:|1729539384
|move|p1a: Gutsy Shinobi|Knock Off|p2a: Snorlax
|-damage|p2a: Snorlax|94/100
|-enditem|p2a: Snorlax|Leftovers|[from] move: Knock Off|[of] p1a: Gutsy Shinobi
|-hint|In Gens 3-4, Knock Off only makes the target's item unusable; it cannot obtain a new item.
|move|p2a: Snorlax|Body Slam|p1a: Gutsy Shinobi
|-damage|p1a: Gutsy Shinobi|59/100
|
|-heal|p1a: Gutsy Shinobi|65/100|[from] item: Leftovers
|upkeep
|turn|7
|inactive|resen65 has 270 seconds left.
|
|t:|1729539405
|switch|p1a: Flinchinator|Jirachi|100/100
|move|p2a: Snorlax|Body Slam|p1a: Flinchinator
|-resisted|p1a: Flinchinator
|-damage|p1a: Flinchinator|83/100
|
|-heal|p1a: Flinchinator|89/100|[from] item: Leftovers
|upkeep
|turn|8
|
|t:|1729539417
|move|p1a: Flinchinator|Fire Punch|p2a: Snorlax
|-damage|p2a: Snorlax|81/100
|move|p2a: Snorlax|Curse|p2a: Snorlax
|-unboost|p2a: Snorlax|spe|1
|-boost|p2a: Snorlax|atk|1
|-boost|p2a: Snorlax|def|1
|
|-heal|p1a: Flinchinator|96/100|[from] item: Leftovers
|upkeep
|turn|9
|
|t:|1729539423
|move|p1a: Flinchinator|Fire Punch|p2a: Snorlax
|-damage|p2a: Snorlax|70/100
|move|p2a: Snorlax|Fire Blast|p1a: Flinchinator
|-supereffective|p1a: Flinchinator
|-damage|p1a: Flinchinator|43/100
|
|-heal|p1a: Flinchinator|49/100|[from] item: Leftovers
|upkeep
|turn|10
|
|t:|1729539431
|move|p1a: Flinchinator|Protect|p1a: Flinchinator
|-singleturn|p1a: Flinchinator|Protect
|move|p2a: Snorlax|Fire Blast|p1a: Flinchinator
|-activate|p1a: Flinchinator|Protect
|
|-heal|p1a: Flinchinator|55/100|[from] item: Leftovers
|upkeep
|turn|11
|
|t:|1729539434
|move|p1a: Flinchinator|Fire Punch|p2a: Snorlax
|-damage|p2a: Snorlax|59/100
|move|p2a: Snorlax|Fire Blast|p1a: Flinchinator|[miss]
|-miss|p2a: Snorlax|p1a: Flinchinator
|
|-heal|p1a: Flinchinator|62/100|[from] item: Leftovers
|upkeep
|turn|12
|
|t:|1729539444
|move|p1a: Flinchinator|Wish|p1a: Flinchinator
|move|p2a: Snorlax|Curse|p2a: Snorlax
|-unboost|p2a: Snorlax|spe|1
|-boost|p2a: Snorlax|atk|1
|-boost|p2a: Snorlax|def|1
|
|-heal|p1a: Flinchinator|68/100|[from] item: Leftovers
|upkeep
|turn|13
|
|t:|1729539450
|move|p1a: Flinchinator|Fire Punch|p2a: Snorlax
|-crit|p2a: Snorlax
|-damage|p2a: Snorlax|35/100
|-status|p2a: Snorlax|brn
|move|p2a: Snorlax|Body Slam|p1a: Flinchinator
|-resisted|p1a: Flinchinator
|-damage|p1a: Flinchinator|53/100
|
|-heal|p1a: Flinchinator|100/100|[from] move: Wish|[wisher] Flinchinator
|-damage|p2a: Snorlax|22/100 brn|[from] brn
|upkeep
|turn|14
|
|t:|1729539460
|move|p1a: Flinchinator|Protect|p1a: Flinchinator
|-singleturn|p1a: Flinchinator|Protect
|move|p2a: Snorlax|Body Slam|p1a: Flinchinator
|-activate|p1a: Flinchinator|Protect
|
|-damage|p2a: Snorlax|10/100 brn|[from] brn
|upkeep
|turn|15
|
|t:|1729539478
|move|p1a: Flinchinator|Wish|p1a: Flinchinator
|move|p2a: Snorlax|Self-Destruct|p1a: Flinchinator
|-resisted|p1a: Flinchinator
|-crit|p1a: Flinchinator
|-damage|p1a: Flinchinator|0 fnt
|faint|p2a: Snorlax
|faint|p1a: Flinchinator
|
|t:|1729539501
|switch|p1a: Gutsy Shinobi|Hariyama, M|65/100
|switch|p2a: Metagross|Metagross|10/100
|
|-heal|p1a: Gutsy Shinobi|71/100|[from] item: Leftovers
|upkeep
|turn|16
|inactive|resen65 has 270 seconds left.
|
|t:|1729539545
|move|p2a: Metagross|Explosion|p1a: Gutsy Shinobi
|-crit|p1a: Gutsy Shinobi
|-damage|p1a: Gutsy Shinobi|0 fnt
|faint|p2a: Metagross
|faint|p1a: Gutsy Shinobi
|
|t:|1729539558
|switch|p2a: Gengar|Gengar, M|100/100
|switch|p1a: Big Scary Pink|Blissey, F|82/100
|
|-heal|p1a: Big Scary Pink|100/100|[from] move: Wish|[wisher] Flinchinator
|upkeep
|turn|17
|inactive|resen65 has 240 seconds left.
|
|t:|1729539581
|switch|p1a: Let it rip!|Claydol|100/100
|move|p2a: Gengar|Rain Dance|p2a: Gengar
|-weather|RainDance
|
|-weather|RainDance|[upkeep]
|upkeep
|turn|18
|inactive|resen65 has 240 seconds left.
|
|t:|1729539609
|switch|p2a: Gorebyss|Gorebyss, F|100/100
|move|p1a: Let it rip!|Shadow Ball|p2a: Gorebyss
|-damage|p2a: Gorebyss|76/100
|-unboost|p2a: Gorebyss|spd|1
|
|-weather|RainDance|[upkeep]
|upkeep
|turn|19
|
|t:|1729539618
|switch|p2a: Dugtrio|Dugtrio, F|100/100
|switch|p1a: Suic Army Knife|Suicune|100/100
|
|-weather|RainDance|[upkeep]
|upkeep
|turn|20
|inactive|resen65 has 210 seconds left.
|
|t:|1729539660
|switch|p2a: Gorebyss|Gorebyss, F|76/100
|move|p1a: Suic Army Knife|Surf|p2a: Gorebyss
|-resisted|p2a: Gorebyss
|-damage|p2a: Gorebyss|36/100
|
|-weather|RainDance|[upkeep]
|upkeep
|turn|21
|
|t:|1729539667
|move|p2a: Gorebyss|Hidden Power|p1a: Suic Army Knife
|-supereffective|p1a: Suic Army Knife
|-damage|p1a: Suic Army Knife|64/100
|move|p1a: Suic Army Knife|Surf|p2a: Gorebyss
|-resisted|p2a: Gorebyss
|-damage|p2a: Gorebyss|0 fnt
|faint|p2a: Gorebyss
|
|t:|1729539674
|switch|p2a: Gengar|Gengar, M|100/100
|
|-weather|none
|-heal|p1a: Suic Army Knife|70/100|[from] item: Leftovers
|upkeep
|turn|22
|
|t:|1729539686
|switch|p1a: Let it rip!|Claydol|100/100
|move|p2a: Gengar|Will-O-Wisp|p1a: Let it rip!
|-status|p1a: Let it rip!|brn
|
|-damage|p1a: Let it rip!|88/100 brn|[from] brn
|upkeep
|turn|23
|
|t:|1729539694
|switch|p1a: Big Scary Pink|Blissey, F|100/100
|move|p2a: Gengar|Night Shade|p1a: Big Scary Pink
|-immune|p1a: Big Scary Pink
|
|upkeep
|turn|24
|
|t:|1729539703
|move|p2a: Gengar|Will-O-Wisp|p1a: Big Scary Pink
|-status|p1a: Big Scary Pink|brn
|move|p1a: Big Scary Pink|Aromatherapy|p1a: Big Scary Pink
|-cureteam|p1a: Big Scary Pink|[from] move: Aromatherapy
|
|upkeep
|turn|25
|
|t:|1729539708
|move|p2a: Gengar|Will-O-Wisp|p1a: Big Scary Pink
|-status|p1a: Big Scary Pink|brn
|move|p1a: Big Scary Pink|Ice Beam|p2a: Gengar
|-damage|p2a: Gengar|69/100
|
|-heal|p2a: Gengar|75/100|[from] item: Leftovers
|-damage|p1a: Big Scary Pink|88/100 brn|[from] brn
|upkeep
|turn|26
|inactive|resen65 has 240 seconds left.
|
|t:|1729539721
|move|p2a: Gengar|Will-O-Wisp|p1a: Big Scary Pink
|-fail|p1a: Big Scary Pink|brn
|move|p1a: Big Scary Pink|Ice Beam|p2a: Gengar
|-damage|p2a: Gengar|46/100
|
|-heal|p2a: Gengar|52/100|[from] item: Leftovers
|-heal|p1a: Big Scary Pink|94/100 brn|[from] item: Leftovers
|-damage|p1a: Big Scary Pink|82/100 brn|[from] brn
|upkeep
|turn|27
|inactive|resen65 has 240 seconds left.
|
|t:|1729539734
|move|p2a: Gengar|Explosion|p1a: Big Scary Pink
|-damage|p1a: Big Scary Pink|0 fnt
|faint|p2a: Gengar
|faint|p1a: Big Scary Pink
|inactive|resen65 has 240 seconds left.
|
|t:|1729539747
|switch|p2a: Medicham|Medicham, M|100/100
|switch|p1a: Salami|Salamence, M, shiny|100/100
|-ability|p1a: Salami|Intimidate|boost
|-unboost|p2a: Medicham|atk|1
|
|upkeep
|turn|28
|inactive|resen65 has 240 seconds left.
|
|t:|1729539759
|switch|p2a: Dugtrio|Dugtrio, F|100/100
|move|p1a: Salami|Hidden Power|p2a: Dugtrio
|-damage|p2a: Dugtrio|0 fnt
|faint|p2a: Dugtrio
|
|t:|1729539760
|switch|p2a: Medicham|Medicham, M|100/100
|
|upkeep
|turn|29
|
|t:|1729539765
|switch|p1a: Let it rip!|Claydol|88/100
|move|p2a: Medicham|Endure||[still]
|-fail|p2a: Medicham
|
|-heal|p1a: Let it rip!|94/100|[from] item: Leftovers
|upkeep
|turn|30
|
|t:|1729539771
|move|p2a: Medicham|Bulk Up|p2a: Medicham
|-boost|p2a: Medicham|atk|1
|-boost|p2a: Medicham|def|1
|move|p1a: Let it rip!|Explosion|p2a: Medicham
|-damage|p2a: Medicham|0 fnt
|faint|p1a: Let it rip!
|faint|p2a: Medicham
|
|win|yt-cyber-dj
|c|☆resen65|gg
|c|☆yt-cyber-dj|GG

</script>
<script type="application/json" class="data" id="replaydata-smogtours-gen3ou-801078">
{"id":"smogtours-gen3ou-801078","format":"[Gen 3] OU","players":["yt-cyber-dj","resen65"],"uploadtime":1729539771,"views":68,"formatid":"gen3ou","rating":null,"private":0,"password":null}
</script>

<script defer src="js/replays.js?9d40a366"></script>
