<!DOCTYPE html>
<meta charset="utf-8" />
<meta name="viewport" content="width=device-width" />

<title>[Gen 3] OU: hitmonYEE vs. tanao - Replays - Pok&eacute;mon Showdown!</title>

<meta name="description" content="Watch a replay of a Pok&eacute;mon battle between hitmonYEE and tanao! Format: [Gen 3] OU; Date: Oct 26, 2024" />
<!--

Hey, you! Looking in the source for the replay log?

You can find them in JSON format, just add `.json` at the end of a replay URL.

https://replay.pokemonshowdown.com/gen7randomdoublesbattle-865046831.json

Or, if you only need the log itself, add `.log` instead:

https://replay.pokemonshowdown.com/gen7randomdoublesbattle-865046831.log

-->

<link rel="stylesheet" href="//pokemonshowdown.com/style/global.css?0.023195364461161105" />
<link rel="stylesheet" href="//play.pokemonshowdown.com/style/font-awesome.css?0.13261647063804238" />
<link rel="stylesheet" href="//play.pokemonshowdown.com/style/battle.css?0.8753245789963631" />
<link rel="stylesheet" href="//play.pokemonshowdown.com/style/utilichart.css?0.8627959624976733" />

<!-- Global site tag (gtag.js) - Google Analytics -->
<script async src="https://www.googletagmanager.com/gtag/js?id=UA-26211653-1"></script>
<script>
  window.dataLayer = window.dataLayer || [];
  function gtag(){dataLayer.push(arguments);}
  gtag('js', new Date());

  gtag('config', 'UA-26211653-1');
</script>
<!-- End Google Analytics -->
<!-- Venatus Ad Manager - Install in <HEAD> of page -->
	<script src="https://hb.vntsm.com/v3/live/ad-manager.min.js" type="text/javascript" data-site-id="642aba63ec9a7b11c3c9c1be" data-mode="scan" async></script>
<!-- / Venatus Ad Manager -->

<style>
	@media (max-width:820px) {
		.battle {
			margin: 0 auto;
		}
		.battle-log {
			margin: 7px auto 0;
			max-width: 640px;
			height: 300px;
			position: static;
		}
	}
	.optgroup {
		display: inline-block;
		line-height: 22px;
		font-size: 10pt;
	}
	.optgroup .button {
		height: 25px;
		padding-top: 0;
		padding-bottom: 0;
	}
	.optgroup button.button {
		padding-left: 12px;
		padding-right: 12px;
	}
	.linklist {
		list-style: none;
		margin: 0.5em 0;
		padding: 0;
	}
	.linklist li {
		padding: 2px 0;
	}
	.sidebar {
		float: left;
		width: 320px;
	}
	.bar-wrapper {
		max-width: 1100px;
		margin: 0 auto;
	}
	.bar-wrapper.has-sidebar {
		max-width: 1430px;
	}
	.mainbar {
		margin: 0;
		padding-right: 1px;
	}
	.mainbar.has-sidebar {
		margin-left: 330px;
	}
	@media (min-width: 1511px) {
		.sidebar {
			width: 400px;
		}
		.bar-wrapper.has-sidebar {
			max-width: 1510px;
		}
		.mainbar.has-sidebar {
			margin-left: 410px;
		}
	}
	.section.first-section {
		margin-top: 9px;
	}
	.blocklink small {
		white-space: normal;
	}
	.button {
		vertical-align: middle;
	}
	.replay-controls {
		padding-top: 10px;
	}
	.replay-controls h1 {
		font-size: 16pt;
		font-weight: normal;
		color: #CCC;
	}
	.pagelink {
		text-align: center;
	}
	.pagelink a {
		width: 150px;
	}
	.textbox, .button {
		font-size: 11pt;
		vertical-align: middle;
	}
	@media (max-width: 450px) {
		.button {
			font-size: 9pt;
		}
	}
</style>

<div>

	<header>
		<div class="nav-wrapper"><ul class="nav">
			<li><a class="button nav-first" href="//pokemonshowdown.com/"><img src="//pokemonshowdown.com/images/pokemonshowdownbeta.png" srcset="//pokemonshowdown.com/images/pokemonshowdownbeta.png 1x, //pokemonshowdown.com/images/pokemonshowdownbeta@2x.png 2x" alt="Pok&eacute;mon Showdown" width="146" height="44" /> Home</a></li>
			<li><a class="button" href="//pokemonshowdown.com/dex/">Pok&eacute;dex</a></li>
			<li><a class="button cur" href="/">Replays</a></li>
			<li><a class="button" href="//pokemonshowdown.com/ladder/">Ladder</a></li>
			<li><a class="button nav-last" href="//pokemonshowdown.com/forums/">Forum</a></li>
			<li><a class="button greenbutton nav-first nav-last" href="//play.pokemonshowdown.com/">Play</a></li>
		</ul></div>
	</header>

	<div class="main" id="main">

		<noscript><section class="section">You need to enable JavaScript to use this page; sorry!</section></noscript>

	</div>

</div>

<script defer nomodule src="//play.pokemonshowdown.com/js/lib/ps-polyfill.js"></script>
<script defer src="//play.pokemonshowdown.com/js/lib/preact.min.js"></script>

<script defer src="//play.pokemonshowdown.com/config/config.js?2bddbc15"></script>
<script defer src="//play.pokemonshowdown.com/js/lib/jquery-1.11.0.min.js"></script>
<script defer src="//play.pokemonshowdown.com/js/lib/html-sanitizer-minified.js"></script>
<script defer src="//play.pokemonshowdown.com/js/battle-sound.js"></script>
<script defer src="//play.pokemonshowdown.com/js/battledata.js?0.7209276989879541"></script>
<script defer src="//play.pokemonshowdown.com/data/pokedex-mini.js?0.6111056340867951"></script>
<script defer src="//play.pokemonshowdown.com/data/pokedex-mini-bw.js?0.3532142036491459"></script>
<script defer src="//play.pokemonshowdown.com/data/graphics.js?0.24223875632456182"></script>
<script defer src="//play.pokemonshowdown.com/data/pokedex.js?0.38839984266356864"></script>
<script defer src="//play.pokemonshowdown.com/data/moves.js?0.21866028504024015"></script>
<script defer src="//play.pokemonshowdown.com/data/abilities.js?0.2005157953846628"></script>
<script defer src="//play.pokemonshowdown.com/data/items.js?0.9894211263848525"></script>
<script defer src="//play.pokemonshowdown.com/data/teambuilder-tables.js?0.6008791140282215"></script>
<script defer src="//play.pokemonshowdown.com/js/battle-tooltips.js?0.7580118955022959"></script>
<script defer src="//play.pokemonshowdown.com/js/battle.js?0.6057722274234274"></script>

<script defer src="js/utils.js?e31f9a17"></script>
<script defer src="js/replays-battle.js?7008c182"></script>

<!-- don't scrape this data! just add .json or .log after the URL!
Full API docs: https://github.com/smogon/pokemon-showdown-client/blob/master/WEB-API.md -->
<script type="text/plain" class="log" id="replaylog-smogtours-gen3ou-802039">
|inactive|Battle timer is ON: inactive players will automatically lose when time's up.
|t:|1729909417
|gametype|singles
|player|p1|hitmonYEE|102|
|player|p2|tanao|tuber|
|teamsize|p1|6
|teamsize|p2|6
|gen|3
|tier|[Gen 3] OU
|rule|Sleep Clause Mod: Limit one foe put to sleep
|rule|Switch Priority Clause Mod: Faster Pokémon switch first
|rule|Species Clause: Limit one of each Pokémon
|rule|OHKO Clause: OHKO moves are banned
|rule|Evasion Items Clause: Evasion items are banned
|rule|Evasion Moves Clause: Evasion moves are banned
|rule|Endless Battle Clause: Forcing endless battles is banned
|rule|HP Percentage Mod: HP is shown in percentages
|rule|One Boost Passer Clause: Limit one Baton Passer that has a way to boost its stats
|rule|Freeze Clause Mod: Limit one foe frozen
|
|t:|1729909417
|start
|switch|p1a: Tyranitar|Tyranitar, F|100/100
|switch|p2a: Zeus|Zapdos|100/100
|-weather|Sandstorm|[from] ability: Sand Stream|[of] p1a: Tyranitar
|turn|1
|
|t:|1729909434
|switch|p1a: Blissey|Blissey, F|100/100
|move|p2a: Zeus|Substitute|p2a: Zeus
|-start|p2a: Zeus|Substitute
|-damage|p2a: Zeus|76/100
|
|-weather|Sandstorm|[upkeep]
|-damage|p2a: Zeus|69/100|[from] Sandstorm
|-damage|p1a: Blissey|94/100|[from] Sandstorm
|-heal|p2a: Zeus|76/100|[from] item: Leftovers
|-heal|p1a: Blissey|100/100|[from] item: Leftovers
|upkeep
|turn|2
|
|t:|1729909449
|move|p2a: Zeus|Baton Pass|p2a: Zeus
|
|t:|1729909452
|switch|p2a: Lockdown|Dugtrio, M|100/100|[from] Baton Pass
|move|p1a: Blissey|Seismic Toss|p2a: Lockdown
|-end|p2a: Lockdown|Substitute
|
|-weather|Sandstorm|[upkeep]
|-damage|p1a: Blissey|94/100|[from] Sandstorm
|-heal|p1a: Blissey|100/100|[from] item: Leftovers
|upkeep
|turn|3
|
|t:|1729909461
|move|p2a: Lockdown|Beat Up|p1a: Blissey
|-damage|p1a: Blissey|91/100
|-damage|p1a: Blissey|80/100
|-damage|p1a: Blissey|67/100
|-crit|p1a: Blissey
|-damage|p1a: Blissey|45/100
|-damage|p1a: Blissey|34/100
|-damage|p1a: Blissey|25/100
|-hitcount|p1a: Blissey|6
|move|p1a: Blissey|Ice Beam|p2a: Lockdown
|-supereffective|p2a: Lockdown
|-damage|p2a: Lockdown|15/100
|
|-weather|Sandstorm|[upkeep]
|-damage|p1a: Blissey|19/100|[from] Sandstorm
|-heal|p1a: Blissey|25/100|[from] item: Leftovers
|upkeep
|turn|4
|c|☆hitmonYEE|rip blissey sadge
|
|t:|1729909475
|move|p2a: Lockdown|Beat Up|p1a: Blissey
|-damage|p1a: Blissey|15/100
|-damage|p1a: Blissey|3/100
|-damage|p1a: Blissey|0 fnt
|-hitcount|p1a: Blissey|3
|faint|p1a: Blissey
|inactive|hitmonYEE has 270 seconds left.
|
|t:|1729909505
|switch|p1a: Skarmory|Skarmory, F|100/100
|
|-weather|Sandstorm|[upkeep]
|upkeep
|turn|5
|
|t:|1729909522
|switch|p2a: Fruhdazi|Celebi|100/100
|move|p1a: Skarmory|Spikes|p2a: Fruhdazi
|-sidestart|p2: tanao|Spikes
|
|-weather|Sandstorm|[upkeep]
|-damage|p2a: Fruhdazi|94/100|[from] Sandstorm
|-heal|p2a: Fruhdazi|100/100|[from] item: Leftovers
|upkeep
|turn|6
|inactive|hitmonYEE has 270 seconds left.
|
|t:|1729909559
|move|p2a: Fruhdazi|Leech Seed|p1a: Skarmory
|-start|p1a: Skarmory|move: Leech Seed
|move|p1a: Skarmory|Spikes|p2a: Fruhdazi
|-sidestart|p2: tanao|Spikes
|
|-weather|Sandstorm|[upkeep]
|-damage|p2a: Fruhdazi|94/100|[from] Sandstorm
|-heal|p2a: Fruhdazi|100/100|[from] item: Leftovers
|-damage|p1a: Skarmory|88/100|[from] Leech Seed|[of] p2a: Fruhdazi
|upkeep
|turn|7
|
|t:|1729909579
|move|p2a: Fruhdazi|Calm Mind|p2a: Fruhdazi
|-boost|p2a: Fruhdazi|spa|1
|-boost|p2a: Fruhdazi|spd|1
|move|p1a: Skarmory|Spikes|p2a: Fruhdazi
|-sidestart|p2: tanao|Spikes
|
|-weather|Sandstorm|[upkeep]
|-damage|p2a: Fruhdazi|94/100|[from] Sandstorm
|-heal|p2a: Fruhdazi|100/100|[from] item: Leftovers
|-heal|p1a: Skarmory|94/100|[from] item: Leftovers
|-damage|p1a: Skarmory|82/100|[from] Leech Seed|[of] p2a: Fruhdazi
|upkeep
|turn|8
|
|t:|1729909589
|move|p2a: Fruhdazi|Hidden Power|p1a: Skarmory
|-supereffective|p1a: Skarmory
|-crit|p1a: Skarmory
|-damage|p1a: Skarmory|0 fnt
|faint|p1a: Skarmory
|c|☆hitmonYEE|ah
|
|t:|1729909614
|switch|p1a: Tyranitar|Tyranitar, F|100/100
|
|-weather|Sandstorm|[upkeep]
|-damage|p2a: Fruhdazi|94/100|[from] Sandstorm
|-heal|p2a: Fruhdazi|100/100|[from] item: Leftovers
|upkeep
|turn|9
|inactive|hitmonYEE has 240 seconds left.
|
|t:|1729909640
|switch|p2a: RomanReigns|Swampert, M|100/100
|-damage|p2a: RomanReigns|76/100|[from] Spikes
|move|p1a: Tyranitar|Crunch|p2a: RomanReigns
|-damage|p2a: RomanReigns|44/100
|
|-weather|Sandstorm|[upkeep]
|-heal|p2a: RomanReigns|50/100|[from] item: Leftovers
|upkeep
|turn|10
|inactive|hitmonYEE has 240 seconds left.
|
|t:|1729909678
|switch|p1a: Zapdos|Zapdos|100/100
|move|p2a: RomanReigns|Rain Dance|p2a: RomanReigns
|-weather|RainDance
|
|-weather|RainDance|[upkeep]
|-heal|p2a: RomanReigns|57/100|[from] item: Leftovers
|upkeep
|turn|11
|inactive|tanao has 270 seconds left.
|
|t:|1729909712
|switch|p2a: Lockdown|Dugtrio, M|15/100
|-damage|p2a: Lockdown|0 fnt|[from] Spikes
|faint|p2a: Lockdown
|
|t:|1729909716
|switch|p2a: TexMex|Ludicolo, M, shiny|100/100
|-damage|p2a: TexMex|76/100|[from] Spikes
|
|-weather|RainDance|[upkeep]
|-heal|p2a: TexMex|82/100|[from] item: Leftovers
|upkeep
|turn|12
|
|t:|1729909728
|move|p2a: TexMex|Leech Seed|p1a: Zapdos
|-start|p1a: Zapdos|move: Leech Seed
|move|p1a: Zapdos|Roar|p2a: TexMex
|drag|p2a: TheAbyss|Kingdra, F|100/100
|-damage|p2a: TheAbyss|76/100|[from] Spikes
|
|-weather|RainDance|[upkeep]
|-heal|p2a: TheAbyss|82/100|[from] item: Leftovers
|-damage|p1a: Zapdos|88/100|[from] Leech Seed|[of] p2a: TheAbyss
|-heal|p2a: TheAbyss|95/100|[silent]
|upkeep
|turn|13
|
|t:|1729909737
|move|p2a: TheAbyss|Ice Beam|p1a: Zapdos
|-supereffective|p1a: Zapdos
|-damage|p1a: Zapdos|47/100
|move|p1a: Zapdos|Roar|p2a: TheAbyss
|drag|p2a: Zeus|Zapdos|76/100
|
|-weather|RainDance|[upkeep]
|-heal|p2a: Zeus|82/100|[from] item: Leftovers
|-heal|p1a: Zapdos|54/100|[from] item: Leftovers
|-damage|p1a: Zapdos|41/100|[from] Leech Seed|[of] p2a: Zeus
|-heal|p2a: Zeus|97/100|[silent]
|upkeep
|turn|14
|inactive|hitmonYEE has 240 seconds left.
|inactive|tanao has 270 seconds left.
|
|t:|1729909760
|switch|p1a: Flygon|Flygon, F|100/100
|move|p2a: Zeus|Thunderbolt|p1a: Flygon
|-immune|p1a: Flygon
|
|-weather|none
|-heal|p2a: Zeus|100/100|[from] item: Leftovers
|upkeep
|turn|15
|inactive|tanao has 270 seconds left.
|
|t:|1729909769
|move|p2a: Zeus|Hidden Power|p1a: Flygon
|-supereffective|p1a: Flygon
|-damage|p1a: Flygon|0 fnt
|faint|p1a: Flygon
|c|☆hitmonYEE|I'm fucking stupid
|inactive|hitmonYEE has 210 seconds left.
|
|t:|1729909800
|switch|p1a: Tyranitar|Tyranitar, F|100/100
|-weather|Sandstorm|[from] ability: Sand Stream|[of] p1a: Tyranitar
|
|-weather|Sandstorm|[upkeep]
|-damage|p2a: Zeus|94/100|[from] Sandstorm
|-heal|p2a: Zeus|100/100|[from] item: Leftovers
|upkeep
|turn|16
|
|t:|1729909808
|move|p2a: Zeus|Substitute|p2a: Zeus
|-start|p2a: Zeus|Substitute
|-damage|p2a: Zeus|76/100
|move|p1a: Tyranitar|Crunch|p2a: Zeus
|-crit|p2a: Zeus
|-end|p2a: Zeus|Substitute
|
|-weather|Sandstorm|[upkeep]
|-damage|p2a: Zeus|69/100|[from] Sandstorm
|-heal|p2a: Zeus|76/100|[from] item: Leftovers
|upkeep
|turn|17
|
|t:|1729909817
|move|p2a: Zeus|Thunderbolt|p1a: Tyranitar
|-damage|p1a: Tyranitar|56/100
|-status|p1a: Tyranitar|par
|move|p1a: Tyranitar|Crunch|p2a: Zeus
|-damage|p2a: Zeus|36/100
|
|-weather|Sandstorm|[upkeep]
|-damage|p2a: Zeus|30/100|[from] Sandstorm
|-heal|p2a: Zeus|36/100|[from] item: Leftovers
|-heal|p1a: Tyranitar|63/100 par|[from] item: Leftovers
|upkeep
|turn|18
|c|☆hitmonYEE|.
|
|t:|1729909828
|move|p2a: Zeus|Thunderbolt|p1a: Tyranitar
|-damage|p1a: Tyranitar|16/100 par
|cant|p1a: Tyranitar|par
|
|-weather|Sandstorm|[upkeep]
|-damage|p2a: Zeus|30/100|[from] Sandstorm
|-heal|p2a: Zeus|36/100|[from] item: Leftovers
|-heal|p1a: Tyranitar|22/100 par|[from] item: Leftovers
|upkeep
|turn|19
|
|t:|1729909837
|move|p2a: Zeus|Thunderbolt|p1a: Tyranitar
|-damage|p1a: Tyranitar|0 fnt
|faint|p1a: Tyranitar
|
|t:|1729909840
|switch|p1a: Zapdos|Zapdos|41/100
|
|-weather|Sandstorm|[upkeep]
|-damage|p2a: Zeus|30/100|[from] Sandstorm
|-damage|p1a: Zapdos|35/100|[from] Sandstorm
|-heal|p2a: Zeus|36/100|[from] item: Leftovers
|-heal|p1a: Zapdos|41/100|[from] item: Leftovers
|upkeep
|turn|20
|
|t:|1729909847
|move|p2a: Zeus|Thunderbolt|p1a: Zapdos
|-damage|p1a: Zapdos|8/100
|-status|p1a: Zapdos|par
|cant|p1a: Zapdos|par
|
|-weather|Sandstorm|[upkeep]
|-damage|p2a: Zeus|30/100|[from] Sandstorm
|-damage|p1a: Zapdos|1/100 par|[from] Sandstorm
|-heal|p2a: Zeus|36/100|[from] item: Leftovers
|-heal|p1a: Zapdos|8/100 par|[from] item: Leftovers
|upkeep
|turn|21
|c|☆tanao|geez
|c|☆tanao|sorry
|c|☆hitmonYEE|that's a tad unfortunate ig
|inactive|hitmonYEE has 240 seconds left.
|c|☆hitmonYEE|but I think it wasn't in my favor after the ttar one anyway
|
|t:|1729909870
|move|p2a: Zeus|Thunderbolt|p1a: Zapdos
|-damage|p1a: Zapdos|0 fnt
|faint|p1a: Zapdos
|
|t:|1729909872
|switch|p1a: Gengar|Gengar, M|100/100
|
|-weather|Sandstorm|[upkeep]
|-damage|p1a: Gengar|95/100|[from] Sandstorm
|-damage|p2a: Zeus|30/100|[from] Sandstorm
|-heal|p1a: Gengar|100/100|[from] item: Leftovers
|-heal|p2a: Zeus|36/100|[from] item: Leftovers
|upkeep
|turn|22
|
|t:|1729909884
|move|p1a: Gengar|Ice Punch|p2a: Zeus
|-supereffective|p2a: Zeus
|-damage|p2a: Zeus|0 fnt
|faint|p2a: Zeus
|c|☆hitmonYEE|at least I get to kill the zap
|c|☆hitmonYEE|it's a little cathartic
|
|t:|1729909899
|switch|p2a: TexMex|Ludicolo, M, shiny|82/100
|-damage|p2a: TexMex|57/100|[from] Spikes
|
|-weather|Sandstorm|[upkeep]
|-damage|p1a: Gengar|95/100|[from] Sandstorm
|-damage|p2a: TexMex|51/100|[from] Sandstorm
|-heal|p1a: Gengar|100/100|[from] item: Leftovers
|-heal|p2a: TexMex|57/100|[from] item: Leftovers
|upkeep
|turn|23
|
|t:|1729909909
|move|p1a: Gengar|Thunderbolt|p2a: TexMex
|-damage|p2a: TexMex|26/100
|move|p2a: TexMex|Rain Dance|p2a: TexMex
|-weather|RainDance
|
|-weather|RainDance|[upkeep]
|-heal|p2a: TexMex|32/100|[from] item: Leftovers
|upkeep
|turn|24
|
|t:|1729909916
|move|p2a: TexMex|Surf|p1a: Gengar
|-damage|p1a: Gengar|20/100
|move|p1a: Gengar|Thunderbolt|p2a: TexMex
|-damage|p2a: TexMex|5/100
|
|-weather|RainDance|[upkeep]
|-heal|p2a: TexMex|11/100|[from] item: Leftovers
|-heal|p1a: Gengar|26/100|[from] item: Leftovers
|upkeep
|turn|25
|c|☆hitmonYEE|gg
|c|☆tanao|gg
|
|t:|1729909924
|move|p2a: TexMex|Surf|p1a: Gengar
|-damage|p1a: Gengar|0 fnt
|faint|p1a: Gengar
|
|win|tanao

</script>
<script type="application/json" class="data" id="replaydata-smogtours-gen3ou-802039">
{"id":"smogtours-gen3ou-802039","format":"[Gen 3] OU","players":["hitmonYEE","tanao"],"uploadtime":1729909924,"views":78,"formatid":"gen3ou","rating":null,"private":0,"password":null}
</script>

<script defer src="js/replays.js?9d40a366"></script>
