<!DOCTYPE html>
<meta charset="utf-8" />
<meta name="viewport" content="width=device-width" />

<title>[Gen 3] OU: nicole7735 vs. SoyJosito - Replays - Pok&eacute;mon Showdown!</title>

<meta name="description" content="Watch a replay of a Pok&eacute;mon battle between nicole7735 and SoyJosito! Format: [Gen 3] OU; Date: Oct 4, 2024" />
<!--

Hey, you! Looking in the source for the replay log?

You can find them in JSON format, just add `.json` at the end of a replay URL.

https://replay.pokemonshowdown.com/gen7randomdoublesbattle-865046831.json

Or, if you only need the log itself, add `.log` instead:

https://replay.pokemonshowdown.com/gen7randomdoublesbattle-865046831.log

-->

<link rel="stylesheet" href="//pokemonshowdown.com/style/global.css?0.023195364461161105" />
<link rel="stylesheet" href="//play.pokemonshowdown.com/style/font-awesome.css?0.13261647063804238" />
<link rel="stylesheet" href="//play.pokemonshowdown.com/style/battle.css?0.8753245789963631" />
<link rel="stylesheet" href="//play.pokemonshowdown.com/style/utilichart.css?0.8627959624976733" />

<!-- Global site tag (gtag.js) - Google Analytics -->
<script async src="https://www.googletagmanager.com/gtag/js?id=UA-26211653-1"></script>
<script>
  window.dataLayer = window.dataLayer || [];
  function gtag(){dataLayer.push(arguments);}
  gtag('js', new Date());

  gtag('config', 'UA-26211653-1');
</script>
<!-- End Google Analytics -->
<!-- Venatus Ad Manager - Install in <HEAD> of page -->
	<script src="https://hb.vntsm.com/v3/live/ad-manager.min.js" type="text/javascript" data-site-id="642aba63ec9a7b11c3c9c1be" data-mode="scan" async></script>
<!-- / Venatus Ad Manager -->

<style>
	@media (max-width:820px) {
		.battle {
			margin: 0 auto;
		}
		.battle-log {
			margin: 7px auto 0;
			max-width: 640px;
			height: 300px;
			position: static;
		}
	}
	.optgroup {
		display: inline-block;
		line-height: 22px;
		font-size: 10pt;
	}
	.optgroup .button {
		height: 25px;
		padding-top: 0;
		padding-bottom: 0;
	}
	.optgroup button.button {
		padding-left: 12px;
		padding-right: 12px;
	}
	.linklist {
		list-style: none;
		margin: 0.5em 0;
		padding: 0;
	}
	.linklist li {
		padding: 2px 0;
	}
	.sidebar {
		float: left;
		width: 320px;
	}
	.bar-wrapper {
		max-width: 1100px;
		margin: 0 auto;
	}
	.bar-wrapper.has-sidebar {
		max-width: 1430px;
	}
	.mainbar {
		margin: 0;
		padding-right: 1px;
	}
	.mainbar.has-sidebar {
		margin-left: 330px;
	}
	@media (min-width: 1511px) {
		.sidebar {
			width: 400px;
		}
		.bar-wrapper.has-sidebar {
			max-width: 1510px;
		}
		.mainbar.has-sidebar {
			margin-left: 410px;
		}
	}
	.section.first-section {
		margin-top: 9px;
	}
	.blocklink small {
		white-space: normal;
	}
	.button {
		vertical-align: middle;
	}
	.replay-controls {
		padding-top: 10px;
	}
	.replay-controls h1 {
		font-size: 16pt;
		font-weight: normal;
		color: #CCC;
	}
	.pagelink {
		text-align: center;
	}
	.pagelink a {
		width: 150px;
	}
	.textbox, .button {
		font-size: 11pt;
		vertical-align: middle;
	}
	@media (max-width: 450px) {
		.button {
			font-size: 9pt;
		}
	}
</style>

<div>

	<header>
		<div class="nav-wrapper"><ul class="nav">
			<li><a class="button nav-first" href="//pokemonshowdown.com/"><img src="//pokemonshowdown.com/images/pokemonshowdownbeta.png" srcset="//pokemonshowdown.com/images/pokemonshowdownbeta.png 1x, //pokemonshowdown.com/images/pokemonshowdownbeta@2x.png 2x" alt="Pok&eacute;mon Showdown" width="146" height="44" /> Home</a></li>
			<li><a class="button" href="//pokemonshowdown.com/dex/">Pok&eacute;dex</a></li>
			<li><a class="button cur" href="/">Replays</a></li>
			<li><a class="button" href="//pokemonshowdown.com/ladder/">Ladder</a></li>
			<li><a class="button nav-last" href="//pokemonshowdown.com/forums/">Forum</a></li>
			<li><a class="button greenbutton nav-first nav-last" href="//play.pokemonshowdown.com/">Play</a></li>
		</ul></div>
	</header>

	<div class="main" id="main">

		<noscript><section class="section">You need to enable JavaScript to use this page; sorry!</section></noscript>

	</div>

</div>

<script defer nomodule src="//play.pokemonshowdown.com/js/lib/ps-polyfill.js"></script>
<script defer src="//play.pokemonshowdown.com/js/lib/preact.min.js"></script>

<script defer src="//play.pokemonshowdown.com/config/config.js?2bddbc15"></script>
<script defer src="//play.pokemonshowdown.com/js/lib/jquery-1.11.0.min.js"></script>
<script defer src="//play.pokemonshowdown.com/js/lib/html-sanitizer-minified.js"></script>
<script defer src="//play.pokemonshowdown.com/js/battle-sound.js"></script>
<script defer src="//play.pokemonshowdown.com/js/battledata.js?0.7209276989879541"></script>
<script defer src="//play.pokemonshowdown.com/data/pokedex-mini.js?0.6111056340867951"></script>
<script defer src="//play.pokemonshowdown.com/data/pokedex-mini-bw.js?0.3532142036491459"></script>
<script defer src="//play.pokemonshowdown.com/data/graphics.js?0.24223875632456182"></script>
<script defer src="//play.pokemonshowdown.com/data/pokedex.js?0.38839984266356864"></script>
<script defer src="//play.pokemonshowdown.com/data/moves.js?0.21866028504024015"></script>
<script defer src="//play.pokemonshowdown.com/data/abilities.js?0.2005157953846628"></script>
<script defer src="//play.pokemonshowdown.com/data/items.js?0.9894211263848525"></script>
<script defer src="//play.pokemonshowdown.com/data/teambuilder-tables.js?0.6008791140282215"></script>
<script defer src="//play.pokemonshowdown.com/js/battle-tooltips.js?0.7580118955022959"></script>
<script defer src="//play.pokemonshowdown.com/js/battle.js?0.6057722274234274"></script>

<script defer src="js/utils.js?e31f9a17"></script>
<script defer src="js/replays-battle.js?7008c182"></script>

<!-- don't scrape this data! just add .json or .log after the URL!
Full API docs: https://github.com/smogon/pokemon-showdown-client/blob/master/WEB-API.md -->
<script type="text/plain" class="log" id="replaylog-smogtours-gen3ou-794745">
|inactive|Battle timer is ON: inactive players will automatically lose when time's up.
|t:|1728077668
|gametype|singles
|player|p1|nicole7735|lady-gen4|
|player|p2|SoyJosito|1|
|teamsize|p1|6
|teamsize|p2|6
|gen|3
|tier|[Gen 3] OU
|rule|Sleep Clause Mod: Limit one foe put to sleep
|rule|Switch Priority Clause Mod: Faster Pokémon switch first
|rule|Species Clause: Limit one of each Pokémon
|rule|OHKO Clause: OHKO moves are banned
|rule|Evasion Items Clause: Evasion items are banned
|rule|Evasion Moves Clause: Evasion moves are banned
|rule|Endless Battle Clause: Forcing endless battles is banned
|rule|HP Percentage Mod: HP is shown in percentages
|rule|One Boost Passer Clause: Limit one Baton Passer that has a way to boost its stats
|rule|Freeze Clause Mod: Limit one foe frozen
|
|t:|1728077668
|start
|switch|p1a: Venusaur|Venusaur, M|100/100
|switch|p2a: Skarmory|Skarmory, F|100/100
|turn|1
|c|☆nicole7735|hf
|
|t:|1728077687
|move|p2a: Skarmory|Protect|p2a: Skarmory
|-singleturn|p2a: Skarmory|Protect
|move|p1a: Venusaur|Sleep Powder|p2a: Skarmory
|-activate|p2a: Skarmory|Protect
|
|upkeep
|turn|2
|
|t:|1728077698
|switch|p2a: Blissey|Blissey, F, shiny|100/100
|move|p1a: Venusaur|Sleep Powder|p2a: Blissey
|-status|p2a: Blissey|slp|[from] move: Sleep Powder
|
|upkeep
|turn|3
|
|t:|1728077710
|move|p1a: Venusaur|Sleep Powder|p2a: Blissey
|-fail|p2a: Blissey|slp
|cant|p2a: Blissey|slp
|
|upkeep
|turn|4
|
|t:|1728077714
|move|p1a: Venusaur|Sleep Powder|p2a: Blissey
|-fail|p2a: Blissey|slp
|cant|p2a: Blissey|slp
|
|upkeep
|turn|5
|inactive|SoyJosito has 270 seconds left.
|
|t:|1728077745
|move|p1a: Venusaur|Leech Seed|p2a: Blissey
|-start|p2a: Blissey|move: Leech Seed
|cant|p2a: Blissey|slp
|
|-damage|p2a: Blissey|88/100 slp|[from] Leech Seed|[of] p1a: Venusaur
|upkeep
|turn|6
|
|t:|1728077760
|move|p1a: Venusaur|Sleep Powder|p2a: Blissey
|-fail|p2a: Blissey|slp
|-curestatus|p2a: Blissey|slp|[msg]
|move|p2a: Blissey|Ice Beam|p1a: Venusaur
|-supereffective|p1a: Venusaur
|-damage|p1a: Venusaur|40/100
|
|-heal|p1a: Venusaur|46/100|[from] item: Leftovers
|-heal|p2a: Blissey|94/100|[from] item: Leftovers
|-damage|p2a: Blissey|82/100|[from] Leech Seed|[of] p1a: Venusaur
|-heal|p1a: Venusaur|73/100|[silent]
|upkeep
|turn|7
|
|t:|1728077773
|switch|p2a: Starmie|Starmie|100/100
|move|p1a: Venusaur|Sleep Powder|p2a: Starmie|[miss]
|-miss|p1a: Venusaur|p2a: Starmie
|
|-heal|p1a: Venusaur|79/100|[from] item: Leftovers
|upkeep
|turn|8
|
|t:|1728077787
|move|p2a: Starmie|Ice Beam|p1a: Venusaur
|-supereffective|p1a: Venusaur
|-damage|p1a: Venusaur|20/100
|move|p1a: Venusaur|Sleep Powder|p2a: Starmie|[miss]
|-miss|p1a: Venusaur|p2a: Starmie
|
|-heal|p1a: Venusaur|26/100|[from] item: Leftovers
|upkeep
|turn|9
|c|☆SoyJosito|Sorry
|c|☆nicole7735|happens
|
|t:|1728077803
|switch|p1a: Metagross|Metagross|100/100
|move|p2a: Starmie|Ice Beam|p1a: Metagross
|-resisted|p1a: Metagross
|-damage|p1a: Metagross|84/100
|
|-heal|p1a: Metagross|90/100|[from] item: Leftovers
|upkeep
|turn|10
|
|t:|1728077812
|switch|p2a: Skarmory|Skarmory, F|100/100
|move|p1a: Metagross|Hidden Power|p2a: Skarmory
|-resisted|p2a: Skarmory
|-damage|p2a: Skarmory|97/100
|
|-heal|p1a: Metagross|96/100|[from] item: Leftovers
|-heal|p2a: Skarmory|100/100|[from] item: Leftovers
|upkeep
|turn|11
|
|t:|1728077818
|switch|p1a: Skarmory|Skarmory, F|100/100
|move|p2a: Skarmory|Spikes|p1a: Skarmory
|-sidestart|p1: nicole7735|Spikes
|
|upkeep
|turn|12
|
|t:|1728077823
|move|p1a: Skarmory|Spikes|p2a: Skarmory
|-sidestart|p2: SoyJosito|Spikes
|move|p2a: Skarmory|Spikes|p1a: Skarmory
|-sidestart|p1: nicole7735|Spikes
|
|upkeep
|turn|13
|
|t:|1728077826
|move|p1a: Skarmory|Spikes|p2a: Skarmory
|-sidestart|p2: SoyJosito|Spikes
|move|p2a: Skarmory|Spikes|p1a: Skarmory
|-sidestart|p1: nicole7735|Spikes
|
|upkeep
|turn|14
|
|t:|1728077835
|switch|p2a: Starmie|Starmie|100/100
|-damage|p2a: Starmie|84/100|[from] Spikes
|move|p1a: Skarmory|Spikes|p2a: Starmie
|-sidestart|p2: SoyJosito|Spikes
|
|-heal|p2a: Starmie|90/100|[from] item: Leftovers
|upkeep
|turn|15
|
|t:|1728077844
|move|p1a: Skarmory|Protect|p1a: Skarmory
|-singleturn|p1a: Skarmory|Protect
|move|p2a: Starmie|Rapid Spin|p1a: Skarmory
|-activate|p1a: Skarmory|Protect
|
|-heal|p2a: Starmie|96/100|[from] item: Leftovers
|upkeep
|turn|16
|
|t:|1728077858
|switch|p1a: Metagross|Metagross|96/100
|-damage|p1a: Metagross|72/100|[from] Spikes
|move|p2a: Starmie|Rapid Spin|p1a: Metagross
|-resisted|p1a: Metagross
|-damage|p1a: Metagross|71/100
|-sideend|p2: SoyJosito|Spikes|[from] move: Rapid Spin|[of] p2a: Starmie
|
|-heal|p2a: Starmie|100/100|[from] item: Leftovers
|-heal|p1a: Metagross|77/100|[from] item: Leftovers
|upkeep
|turn|17
|
|t:|1728077868
|switch|p2a: Skarmory|Skarmory, F|100/100
|switch|p1a: Charizard|Charizard, F|100/100
|
|upkeep
|turn|18
|
|t:|1728077897
|switch|p2a: Starmie|Starmie|100/100
|move|p1a: Charizard|Fire Blast|p2a: Starmie
|-resisted|p2a: Starmie
|-damage|p2a: Starmie|62/100
|-status|p2a: Starmie|brn
|
|-heal|p2a: Starmie|68/100 brn|[from] item: Leftovers
|-damage|p2a: Starmie|56/100 brn|[from] brn
|upkeep
|turn|19
|
|t:|1728077912
|switch|p1a: Venusaur|Venusaur, M|26/100
|-damage|p1a: Venusaur|1/100|[from] Spikes
|move|p2a: Starmie|Hydro Pump|p1a: Venusaur|[miss]
|-miss|p2a: Starmie|p1a: Venusaur
|
|-heal|p2a: Starmie|62/100 brn|[from] item: Leftovers
|-damage|p2a: Starmie|50/100 brn|[from] brn
|-heal|p1a: Venusaur|7/100|[from] item: Leftovers
|upkeep
|turn|20
|inactive|SoyJosito has 270 seconds left.
|
|t:|1728077940
|move|p2a: Starmie|Ice Beam|p1a: Venusaur
|-supereffective|p1a: Venusaur
|-damage|p1a: Venusaur|0 fnt
|faint|p1a: Venusaur
|
|t:|1728077942
|switch|p1a: Metagross|Metagross|77/100
|-damage|p1a: Metagross|52/100|[from] Spikes
|
|-heal|p2a: Starmie|56/100 brn|[from] item: Leftovers
|-damage|p2a: Starmie|44/100 brn|[from] brn
|-heal|p1a: Metagross|58/100|[from] item: Leftovers
|upkeep
|turn|21
|inactive|SoyJosito has 270 seconds left.
|
|t:|1728077974
|-curestatus|p2a: Starmie|brn|[from] ability: Natural Cure
|switch|p2a: Skarmory|Skarmory, F|100/100
|move|p1a: Metagross|Meteor Mash|p2a: Skarmory
|-resisted|p2a: Skarmory
|-damage|p2a: Skarmory|80/100
|-boost|p1a: Metagross|atk|1
|
|-heal|p1a: Metagross|64/100|[from] item: Leftovers
|-heal|p2a: Skarmory|86/100|[from] item: Leftovers
|upkeep
|turn|22
|
|t:|1728077985
|move|p1a: Metagross|Meteor Mash|p2a: Skarmory
|-resisted|p2a: Skarmory
|-damage|p2a: Skarmory|55/100
|move|p2a: Skarmory|Toxic|p1a: Metagross
|-immune|p1a: Metagross
|
|-heal|p1a: Metagross|70/100|[from] item: Leftovers
|-heal|p2a: Skarmory|61/100|[from] item: Leftovers
|upkeep
|turn|23
|
|t:|1728077990
|move|p2a: Skarmory|Protect|p2a: Skarmory
|-singleturn|p2a: Skarmory|Protect
|move|p1a: Metagross|Meteor Mash|p2a: Skarmory
|-activate|p2a: Skarmory|Protect
|
|-heal|p1a: Metagross|76/100|[from] item: Leftovers
|-heal|p2a: Skarmory|67/100|[from] item: Leftovers
|upkeep
|turn|24
|
|t:|1728077997
|move|p1a: Metagross|Meteor Mash|p2a: Skarmory|[miss]
|-miss|p1a: Metagross|p2a: Skarmory
|move|p2a: Skarmory|Roar|p1a: Metagross
|drag|p1a: Charizard|Charizard, F|100/100
|
|-heal|p2a: Skarmory|73/100|[from] item: Leftovers
|upkeep
|turn|25
|
|t:|1728078008
|move|p2a: Skarmory|Protect|p2a: Skarmory
|-singleturn|p2a: Skarmory|Protect
|move|p1a: Charizard|Fire Blast|p2a: Skarmory
|-activate|p2a: Skarmory|Protect
|
|-heal|p2a: Skarmory|79/100|[from] item: Leftovers
|upkeep
|turn|26
|
|t:|1728078018
|switch|p2a: Blissey|Blissey, F, shiny|82/100
|move|p1a: Charizard|Beat Up|p2a: Blissey
|-damage|p2a: Blissey|71/100
|-damage|p2a: Blissey|61/100
|-damage|p2a: Blissey|44/100
|-damage|p2a: Blissey|36/100
|-damage|p2a: Blissey|19/100
|-hitcount|p2a: Blissey|5
|
|-heal|p2a: Blissey|25/100|[from] item: Leftovers
|upkeep
|turn|27
|inactive|SoyJosito has 270 seconds left.
|
|t:|1728078045
|switch|p2a: Starmie|Starmie|44/100
|move|p1a: Charizard|Beat Up|p2a: Starmie
|-damage|p2a: Starmie|41/100
|-damage|p2a: Starmie|38/100
|-damage|p2a: Starmie|33/100
|-damage|p2a: Starmie|30/100
|-damage|p2a: Starmie|25/100
|-hitcount|p2a: Starmie|5
|
|-heal|p2a: Starmie|31/100|[from] item: Leftovers
|upkeep
|turn|28
|inactive|SoyJosito has 240 seconds left.
|inactive|nicole7735 has 270 seconds left.
|
|t:|1728078081
|switch|p1a: Claydol|Claydol|100/100
|move|p2a: Starmie|Thunderbolt|p1a: Claydol
|-immune|p1a: Claydol
|
|-heal|p2a: Starmie|37/100|[from] item: Leftovers
|upkeep
|turn|29
|inactive|SoyJosito has 240 seconds left.
|
|t:|1728078096
|move|p2a: Starmie|Hydro Pump|p1a: Claydol
|-supereffective|p1a: Claydol
|-damage|p1a: Claydol|0 fnt
|faint|p1a: Claydol
|
|t:|1728078100
|switch|p1a: Metagross|Metagross|76/100
|-damage|p1a: Metagross|51/100|[from] Spikes
|
|-heal|p2a: Starmie|43/100|[from] item: Leftovers
|-heal|p1a: Metagross|58/100|[from] item: Leftovers
|upkeep
|turn|30
|inactive|nicole7735 has 270 seconds left.
|inactive|SoyJosito has 240 seconds left.
|
|t:|1728078119
|switch|p2a: Skarmory|Skarmory, F|79/100
|switch|p1a: Charizard|Charizard, F|100/100
|
|-heal|p2a: Skarmory|85/100|[from] item: Leftovers
|upkeep
|turn|31
|
|t:|1728078125
|move|p2a: Skarmory|Protect|p2a: Skarmory
|-singleturn|p2a: Skarmory|Protect
|move|p1a: Charizard|Fire Blast|p2a: Skarmory
|-activate|p2a: Skarmory|Protect
|
|-heal|p2a: Skarmory|91/100|[from] item: Leftovers
|upkeep
|turn|32
|inactive|SoyJosito has 240 seconds left.
|inactive|SoyJosito has 210 seconds left.
|
|t:|1728078177
|switch|p2a: Starmie|Starmie|43/100
|move|p1a: Charizard|Fire Blast|p2a: Starmie
|-resisted|p2a: Starmie
|-damage|p2a: Starmie|3/100
|
|-heal|p2a: Starmie|9/100|[from] item: Leftovers
|upkeep
|turn|33
|inactive|SoyJosito has 210 seconds left.
|
|t:|1728078194
|move|p2a: Starmie|Hydro Pump|p1a: Charizard
|-supereffective|p1a: Charizard
|-damage|p1a: Charizard|0 fnt
|faint|p1a: Charizard
|-message|nicole7735 forfeited.
|
|win|SoyJosito
|player|p1|
|player|p1|nicole7735|lady-gen4|

</script>
<script type="application/json" class="data" id="replaydata-smogtours-gen3ou-794745">
{"id":"smogtours-gen3ou-794745","format":"[Gen 3] OU","players":["nicole7735","SoyJosito"],"uploadtime":1728078200,"views":151,"formatid":"gen3ou","rating":null,"private":0,"password":null}
</script>

<script defer src="js/replays.js?9d40a366"></script>
