<!DOCTYPE html>
<meta charset="utf-8" />
<meta name="viewport" content="width=device-width" />

<title>[Gen 3] OU: shoegazes vs. AutumnWailord - Replays - Pok&eacute;mon Showdown!</title>

<meta name="description" content="Watch a replay of a Pok&eacute;mon battle between shoegazes and AutumnWailord! Format: [Gen 3] OU; Date: Nov 3, 2024" />
<!--

Hey, you! Looking in the source for the replay log?

You can find them in JSON format, just add `.json` at the end of a replay URL.

https://replay.pokemonshowdown.com/gen7randomdoublesbattle-865046831.json

Or, if you only need the log itself, add `.log` instead:

https://replay.pokemonshowdown.com/gen7randomdoublesbattle-865046831.log

-->

<link rel="stylesheet" href="//pokemonshowdown.com/style/global.css?0.023195364461161105" />
<link rel="stylesheet" href="//play.pokemonshowdown.com/style/font-awesome.css?0.13261647063804238" />
<link rel="stylesheet" href="//play.pokemonshowdown.com/style/battle.css?0.8753245789963631" />
<link rel="stylesheet" href="//play.pokemonshowdown.com/style/utilichart.css?0.8627959624976733" />

<!-- Global site tag (gtag.js) - Google Analytics -->
<script async src="https://www.googletagmanager.com/gtag/js?id=UA-26211653-1"></script>
<script>
  window.dataLayer = window.dataLayer || [];
  function gtag(){dataLayer.push(arguments);}
  gtag('js', new Date());

  gtag('config', 'UA-26211653-1');
</script>
<!-- End Google Analytics -->
<!-- Venatus Ad Manager - Install in <HEAD> of page -->
	<script src="https://hb.vntsm.com/v3/live/ad-manager.min.js" type="text/javascript" data-site-id="642aba63ec9a7b11c3c9c1be" data-mode="scan" async></script>
<!-- / Venatus Ad Manager -->

<style>
	@media (max-width:820px) {
		.battle {
			margin: 0 auto;
		}
		.battle-log {
			margin: 7px auto 0;
			max-width: 640px;
			height: 300px;
			position: static;
		}
	}
	.optgroup {
		display: inline-block;
		line-height: 22px;
		font-size: 10pt;
	}
	.optgroup .button {
		height: 25px;
		padding-top: 0;
		padding-bottom: 0;
	}
	.optgroup button.button {
		padding-left: 12px;
		padding-right: 12px;
	}
	.linklist {
		list-style: none;
		margin: 0.5em 0;
		padding: 0;
	}
	.linklist li {
		padding: 2px 0;
	}
	.sidebar {
		float: left;
		width: 320px;
	}
	.bar-wrapper {
		max-width: 1100px;
		margin: 0 auto;
	}
	.bar-wrapper.has-sidebar {
		max-width: 1430px;
	}
	.mainbar {
		margin: 0;
		padding-right: 1px;
	}
	.mainbar.has-sidebar {
		margin-left: 330px;
	}
	@media (min-width: 1511px) {
		.sidebar {
			width: 400px;
		}
		.bar-wrapper.has-sidebar {
			max-width: 1510px;
		}
		.mainbar.has-sidebar {
			margin-left: 410px;
		}
	}
	.section.first-section {
		margin-top: 9px;
	}
	.blocklink small {
		white-space: normal;
	}
	.button {
		vertical-align: middle;
	}
	.replay-controls {
		padding-top: 10px;
	}
	.replay-controls h1 {
		font-size: 16pt;
		font-weight: normal;
		color: #CCC;
	}
	.pagelink {
		text-align: center;
	}
	.pagelink a {
		width: 150px;
	}
	.textbox, .button {
		font-size: 11pt;
		vertical-align: middle;
	}
	@media (max-width: 450px) {
		.button {
			font-size: 9pt;
		}
	}
</style>

<div>

	<header>
		<div class="nav-wrapper"><ul class="nav">
			<li><a class="button nav-first" href="//pokemonshowdown.com/"><img src="//pokemonshowdown.com/images/pokemonshowdownbeta.png" srcset="//pokemonshowdown.com/images/pokemonshowdownbeta.png 1x, //pokemonshowdown.com/images/pokemonshowdownbeta@2x.png 2x" alt="Pok&eacute;mon Showdown" width="146" height="44" /> Home</a></li>
			<li><a class="button" href="//pokemonshowdown.com/dex/">Pok&eacute;dex</a></li>
			<li><a class="button cur" href="/">Replays</a></li>
			<li><a class="button" href="//pokemonshowdown.com/ladder/">Ladder</a></li>
			<li><a class="button nav-last" href="//pokemonshowdown.com/forums/">Forum</a></li>
			<li><a class="button greenbutton nav-first nav-last" href="//play.pokemonshowdown.com/">Play</a></li>
		</ul></div>
	</header>

	<div class="main" id="main">

		<noscript><section class="section">You need to enable JavaScript to use this page; sorry!</section></noscript>

	</div>

</div>

<script defer nomodule src="//play.pokemonshowdown.com/js/lib/ps-polyfill.js"></script>
<script defer src="//play.pokemonshowdown.com/js/lib/preact.min.js"></script>

<script defer src="//play.pokemonshowdown.com/config/config.js?2bddbc15"></script>
<script defer src="//play.pokemonshowdown.com/js/lib/jquery-1.11.0.min.js"></script>
<script defer src="//play.pokemonshowdown.com/js/lib/html-sanitizer-minified.js"></script>
<script defer src="//play.pokemonshowdown.com/js/battle-sound.js"></script>
<script defer src="//play.pokemonshowdown.com/js/battledata.js?0.7209276989879541"></script>
<script defer src="//play.pokemonshowdown.com/data/pokedex-mini.js?0.6111056340867951"></script>
<script defer src="//play.pokemonshowdown.com/data/pokedex-mini-bw.js?0.3532142036491459"></script>
<script defer src="//play.pokemonshowdown.com/data/graphics.js?0.24223875632456182"></script>
<script defer src="//play.pokemonshowdown.com/data/pokedex.js?0.38839984266356864"></script>
<script defer src="//play.pokemonshowdown.com/data/moves.js?0.21866028504024015"></script>
<script defer src="//play.pokemonshowdown.com/data/abilities.js?0.2005157953846628"></script>
<script defer src="//play.pokemonshowdown.com/data/items.js?0.9894211263848525"></script>
<script defer src="//play.pokemonshowdown.com/data/teambuilder-tables.js?0.6008791140282215"></script>
<script defer src="//play.pokemonshowdown.com/js/battle-tooltips.js?0.7580118955022959"></script>
<script defer src="//play.pokemonshowdown.com/js/battle.js?0.6057722274234274"></script>

<script defer src="js/utils.js?e31f9a17"></script>
<script defer src="js/replays-battle.js?7008c182"></script>

<!-- don't scrape this data! just add .json or .log after the URL!
Full API docs: https://github.com/smogon/pokemon-showdown-client/blob/master/WEB-API.md -->
<script type="text/plain" class="log" id="replaylog-smogtours-gen3ou-804660">
|inactive|Battle timer is ON: inactive players will automatically lose when time's up.
|t:|1730674999
|gametype|singles
|player|p1|shoegazes|dahlia|
|player|p2|AutumnWailord|skyla-masters2|
|teamsize|p1|6
|teamsize|p2|6
|gen|3
|tier|[Gen 3] OU
|rule|Sleep Clause Mod: Limit one foe put to sleep
|rule|Switch Priority Clause Mod: Faster Pokémon switch first
|rule|Species Clause: Limit one of each Pokémon
|rule|OHKO Clause: OHKO moves are banned
|rule|Evasion Items Clause: Evasion items are banned
|rule|Evasion Moves Clause: Evasion moves are banned
|rule|Endless Battle Clause: Forcing endless battles is banned
|rule|HP Percentage Mod: HP is shown in percentages
|rule|One Boost Passer Clause: Limit one Baton Passer that has a way to boost its stats
|rule|Freeze Clause Mod: Limit one foe frozen
|
|t:|1730674999
|start
|switch|p1a: Jynx|Jynx, F|100/100
|switch|p2a: Jynx|Jynx, F|100/100
|turn|1
|c|☆AutumnWailord|gl hf
|c|☆shoegazes|hf
|
|t:|1730675026
|move|p2a: Jynx|Lovely Kiss|p1a: Jynx|[miss]
|-miss|p2a: Jynx|p1a: Jynx
|move|p1a: Jynx|Substitute|p1a: Jynx
|-start|p1a: Jynx|Substitute
|-damage|p1a: Jynx|76/100
|
|-heal|p1a: Jynx|82/100|[from] item: Leftovers
|upkeep
|turn|2
|
|t:|1730675031
|move|p2a: Jynx|Perish Song|p2a: Jynx
|-start|p1a: Jynx|perish3|[silent]
|-start|p2a: Jynx|perish3|[silent]
|-fieldactivate|move: Perish Song
|move|p1a: Jynx|Lovely Kiss|p2a: Jynx
|-status|p2a: Jynx|slp|[from] move: Lovely Kiss
|
|-heal|p1a: Jynx|88/100|[from] item: Leftovers
|-start|p2a: Jynx|perish3
|-start|p1a: Jynx|perish3
|upkeep
|turn|3
|
|t:|1730675042
|cant|p2a: Jynx|slp
|move|p1a: Jynx|Ice Beam|p2a: Jynx
|-resisted|p2a: Jynx
|-damage|p2a: Jynx|72/100 slp
|
|-heal|p2a: Jynx|78/100 slp|[from] item: Leftovers
|-heal|p1a: Jynx|94/100|[from] item: Leftovers
|-start|p2a: Jynx|perish2
|-start|p1a: Jynx|perish2
|upkeep
|turn|4
|
|t:|1730675047
|cant|p2a: Jynx|slp
|move|p1a: Jynx|Ice Beam|p2a: Jynx
|-resisted|p2a: Jynx
|-damage|p2a: Jynx|50/100 slp
|
|-heal|p2a: Jynx|56/100 slp|[from] item: Leftovers
|-heal|p1a: Jynx|99/100|[from] item: Leftovers
|-start|p2a: Jynx|perish1
|-start|p1a: Jynx|perish1
|upkeep
|turn|5
|
|t:|1730675058
|switch|p2a: Metagross|Metagross|100/100
|switch|p1a: Gengar|Gengar, M|100/100
|
|upkeep
|turn|6
|
|t:|1730675063
|move|p1a: Gengar|Will-O-Wisp|p2a: Metagross
|-status|p2a: Metagross|brn
|move|p2a: Metagross|Meteor Mash|p1a: Gengar
|-damage|p1a: Gengar|50/100
|-boost|p2a: Metagross|atk|1
|
|-heal|p1a: Gengar|56/100|[from] item: Leftovers
|-damage|p2a: Metagross|88/100 brn|[from] brn
|upkeep
|turn|7
|
|t:|1730675077
|switch|p1a: Suicune|Suicune|100/100
|move|p2a: Metagross|Meteor Mash|p1a: Suicune
|-resisted|p1a: Suicune
|-damage|p1a: Suicune|82/100
|
|-heal|p1a: Suicune|88/100|[from] item: Leftovers
|-heal|p2a: Metagross|94/100 brn|[from] item: Leftovers
|-damage|p2a: Metagross|82/100 brn|[from] brn
|upkeep
|turn|8
|
|t:|1730675083
|move|p1a: Suicune|Calm Mind|p1a: Suicune
|-boost|p1a: Suicune|spa|1
|-boost|p1a: Suicune|spd|1
|move|p2a: Metagross|Earthquake|p1a: Suicune
|-damage|p1a: Suicune|64/100
|
|-heal|p1a: Suicune|70/100|[from] item: Leftovers
|-heal|p2a: Metagross|88/100 brn|[from] item: Leftovers
|-damage|p2a: Metagross|75/100 brn|[from] brn
|upkeep
|turn|9
|
|t:|1730675090
|move|p1a: Suicune|Surf|p2a: Metagross
|-damage|p2a: Metagross|19/100 brn
|move|p2a: Metagross|Explosion|p1a: Suicune
|-damage|p1a: Suicune|0 fnt
|faint|p2a: Metagross
|faint|p1a: Suicune
|
|t:|1730675105
|switch|p1a: Jynx|Jynx, F|99/100
|switch|p2a: Dugtrio|Dugtrio, M|100/100
|
|-heal|p1a: Jynx|100/100|[from] item: Leftovers
|upkeep
|turn|10
|
|t:|1730675109
|move|p2a: Dugtrio|Earthquake|p1a: Jynx
|-damage|p1a: Jynx|0 fnt
|faint|p1a: Jynx
|
|t:|1730675116
|switch|p1a: Gengar|Gengar, M|56/100
|
|-heal|p1a: Gengar|62/100|[from] item: Leftovers
|upkeep
|turn|11
|
|t:|1730675123
|switch|p2a: Heracross|Heracross, M|100/100
|move|p1a: Gengar|Hidden Power|p2a: Heracross
|-resisted|p2a: Heracross
|-damage|p2a: Heracross|88/100
|
|-heal|p1a: Gengar|68/100|[from] item: Leftovers
|upkeep
|turn|12
|
|t:|1730675135
|move|p1a: Gengar|Explosion|p2a: Heracross
|-damage|p2a: Heracross|0 fnt
|faint|p1a: Gengar
|faint|p2a: Heracross
|
|t:|1730675146
|switch|p1a: Claydol|Claydol|100/100
|switch|p2a: Charizard|Charizard, F|100/100
|
|upkeep
|turn|13
|
|t:|1730675156
|move|p2a: Charizard|Fire Blast|p1a: Claydol
|-damage|p1a: Claydol|49/100
|move|p1a: Claydol|Psychic|p2a: Charizard
|-damage|p2a: Charizard|62/100
|
|-heal|p2a: Charizard|68/100|[from] item: Leftovers
|-heal|p1a: Claydol|56/100|[from] item: Leftovers
|upkeep
|turn|14
|
|t:|1730675163
|move|p2a: Charizard|Fire Blast|p1a: Claydol
|-crit|p1a: Claydol
|-damage|p1a: Claydol|0 fnt
|faint|p1a: Claydol
|
|t:|1730675170
|switch|p1a: Dugtrio|Dugtrio, F|100/100
|
|-heal|p2a: Charizard|74/100|[from] item: Leftovers
|upkeep
|turn|15
|
|t:|1730675186
|switch|p2a: Starmie|Starmie|100/100
|move|p1a: Dugtrio|Rock Slide|p2a: Starmie
|-damage|p2a: Starmie|60/100
|
|-heal|p2a: Starmie|66/100|[from] item: Leftovers
|upkeep
|turn|16
|
|t:|1730675197
|switch|p1a: Jirachi|Jirachi|100/100
|move|p2a: Starmie|Surf|p1a: Jirachi
|-damage|p1a: Jirachi|62/100
|
|-heal|p2a: Starmie|72/100|[from] item: Leftovers
|-heal|p1a: Jirachi|69/100|[from] item: Leftovers
|upkeep
|turn|17
|
|t:|1730675207
|switch|p2a: Dugtrio|Dugtrio, M|100/100
|move|p1a: Jirachi|Substitute|p1a: Jirachi
|-start|p1a: Jirachi|Substitute
|-damage|p1a: Jirachi|44/100
|
|-heal|p1a: Jirachi|50/100|[from] item: Leftovers
|upkeep
|turn|18
|
|t:|1730675211
|move|p2a: Dugtrio|Earthquake|p1a: Jirachi
|-supereffective|p1a: Jirachi
|-end|p1a: Jirachi|Substitute
|move|p1a: Jirachi|Ice Punch|p2a: Dugtrio
|-supereffective|p2a: Dugtrio
|-damage|p2a: Dugtrio|21/100
|-status|p2a: Dugtrio|frz
|
|-heal|p1a: Jirachi|56/100|[from] item: Leftovers
|upkeep
|turn|19
|
|t:|1730675220
|cant|p2a: Dugtrio|frz
|move|p1a: Jirachi|Substitute|p1a: Jirachi
|-start|p1a: Jirachi|Substitute
|-damage|p1a: Jirachi|31/100
|
|-heal|p1a: Jirachi|37/100|[from] item: Leftovers
|upkeep
|turn|20
|
|t:|1730675223
|-curestatus|p2a: Dugtrio|frz|[msg]
|move|p2a: Dugtrio|Earthquake|p1a: Jirachi
|-supereffective|p1a: Jirachi
|-end|p1a: Jirachi|Substitute
|move|p1a: Jirachi|Ice Punch|p2a: Dugtrio
|-supereffective|p2a: Dugtrio
|-damage|p2a: Dugtrio|0 fnt
|faint|p2a: Dugtrio
|
|t:|1730675226
|switch|p2a: Charizard|Charizard, F|74/100
|
|-heal|p1a: Jirachi|43/100|[from] item: Leftovers
|-heal|p2a: Charizard|80/100|[from] item: Leftovers
|upkeep
|turn|21
|
|t:|1730675235
|move|p1a: Jirachi|Thunderbolt|p2a: Charizard
|-supereffective|p2a: Charizard
|-damage|p2a: Charizard|19/100
|move|p2a: Charizard|Fire Blast|p1a: Jirachi
|-supereffective|p1a: Jirachi
|-damage|p1a: Jirachi|0 fnt
|faint|p1a: Jirachi
|
|t:|1730675236
|switch|p1a: Dugtrio|Dugtrio, F|100/100
|
|-heal|p2a: Charizard|25/100|[from] item: Leftovers
|upkeep
|turn|22
|
|t:|1730675242
|move|p1a: Dugtrio|Rock Slide|p2a: Charizard
|-supereffective|p2a: Charizard
|-damage|p2a: Charizard|0 fnt
|faint|p2a: Charizard
|
|t:|1730675244
|switch|p2a: Starmie|Starmie|72/100
|
|-heal|p2a: Starmie|78/100|[from] item: Leftovers
|upkeep
|turn|23
|
|t:|1730675246
|move|p1a: Dugtrio|Rock Slide|p2a: Starmie
|-damage|p2a: Starmie|40/100
|move|p2a: Starmie|Surf|p1a: Dugtrio
|-supereffective|p1a: Dugtrio
|-damage|p1a: Dugtrio|0 fnt
|faint|p1a: Dugtrio
|
|win|AutumnWailord
|player|p2|

</script>
<script type="application/json" class="data" id="replaydata-smogtours-gen3ou-804660">
{"id":"smogtours-gen3ou-804660","format":"[Gen 3] OU","players":["shoegazes","AutumnWailord"],"uploadtime":1730675246,"views":36,"formatid":"gen3ou","rating":null,"private":1,"password":null}
</script>

<script defer src="js/replays.js?9d40a366"></script>
