<!DOCTYPE html>
<meta charset="utf-8" />
<meta name="viewport" content="width=device-width" />

<title>[Gen 3] OU: moowee vs. thedolla - Replays - Pok&eacute;mon Showdown!</title>

<meta name="description" content="Watch a replay of a Pok&eacute;mon battle between moowee and thedolla! Format: [Gen 3] OU; Date: Oct 2, 2024" />
<!--

Hey, you! Looking in the source for the replay log?

You can find them in JSON format, just add `.json` at the end of a replay URL.

https://replay.pokemonshowdown.com/gen7randomdoublesbattle-865046831.json

Or, if you only need the log itself, add `.log` instead:

https://replay.pokemonshowdown.com/gen7randomdoublesbattle-865046831.log

-->

<link rel="stylesheet" href="//pokemonshowdown.com/style/global.css?0.023195364461161105" />
<link rel="stylesheet" href="//play.pokemonshowdown.com/style/font-awesome.css?0.13261647063804238" />
<link rel="stylesheet" href="//play.pokemonshowdown.com/style/battle.css?0.8753245789963631" />
<link rel="stylesheet" href="//play.pokemonshowdown.com/style/utilichart.css?0.8627959624976733" />

<!-- Global site tag (gtag.js) - Google Analytics -->
<script async src="https://www.googletagmanager.com/gtag/js?id=UA-26211653-1"></script>
<script>
  window.dataLayer = window.dataLayer || [];
  function gtag(){dataLayer.push(arguments);}
  gtag('js', new Date());

  gtag('config', 'UA-26211653-1');
</script>
<!-- End Google Analytics -->
<!-- Venatus Ad Manager - Install in <HEAD> of page -->
	<script src="https://hb.vntsm.com/v3/live/ad-manager.min.js" type="text/javascript" data-site-id="642aba63ec9a7b11c3c9c1be" data-mode="scan" async></script>
<!-- / Venatus Ad Manager -->

<style>
	@media (max-width:820px) {
		.battle {
			margin: 0 auto;
		}
		.battle-log {
			margin: 7px auto 0;
			max-width: 640px;
			height: 300px;
			position: static;
		}
	}
	.optgroup {
		display: inline-block;
		line-height: 22px;
		font-size: 10pt;
	}
	.optgroup .button {
		height: 25px;
		padding-top: 0;
		padding-bottom: 0;
	}
	.optgroup button.button {
		padding-left: 12px;
		padding-right: 12px;
	}
	.linklist {
		list-style: none;
		margin: 0.5em 0;
		padding: 0;
	}
	.linklist li {
		padding: 2px 0;
	}
	.sidebar {
		float: left;
		width: 320px;
	}
	.bar-wrapper {
		max-width: 1100px;
		margin: 0 auto;
	}
	.bar-wrapper.has-sidebar {
		max-width: 1430px;
	}
	.mainbar {
		margin: 0;
		padding-right: 1px;
	}
	.mainbar.has-sidebar {
		margin-left: 330px;
	}
	@media (min-width: 1511px) {
		.sidebar {
			width: 400px;
		}
		.bar-wrapper.has-sidebar {
			max-width: 1510px;
		}
		.mainbar.has-sidebar {
			margin-left: 410px;
		}
	}
	.section.first-section {
		margin-top: 9px;
	}
	.blocklink small {
		white-space: normal;
	}
	.button {
		vertical-align: middle;
	}
	.replay-controls {
		padding-top: 10px;
	}
	.replay-controls h1 {
		font-size: 16pt;
		font-weight: normal;
		color: #CCC;
	}
	.pagelink {
		text-align: center;
	}
	.pagelink a {
		width: 150px;
	}
	.textbox, .button {
		font-size: 11pt;
		vertical-align: middle;
	}
	@media (max-width: 450px) {
		.button {
			font-size: 9pt;
		}
	}
</style>

<div>

	<header>
		<div class="nav-wrapper"><ul class="nav">
			<li><a class="button nav-first" href="//pokemonshowdown.com/"><img src="//pokemonshowdown.com/images/pokemonshowdownbeta.png" srcset="//pokemonshowdown.com/images/pokemonshowdownbeta.png 1x, //pokemonshowdown.com/images/pokemonshowdownbeta@2x.png 2x" alt="Pok&eacute;mon Showdown" width="146" height="44" /> Home</a></li>
			<li><a class="button" href="//pokemonshowdown.com/dex/">Pok&eacute;dex</a></li>
			<li><a class="button cur" href="/">Replays</a></li>
			<li><a class="button" href="//pokemonshowdown.com/ladder/">Ladder</a></li>
			<li><a class="button nav-last" href="//pokemonshowdown.com/forums/">Forum</a></li>
			<li><a class="button greenbutton nav-first nav-last" href="//play.pokemonshowdown.com/">Play</a></li>
		</ul></div>
	</header>

	<div class="main" id="main">

		<noscript><section class="section">You need to enable JavaScript to use this page; sorry!</section></noscript>

	</div>

</div>

<script defer nomodule src="//play.pokemonshowdown.com/js/lib/ps-polyfill.js"></script>
<script defer src="//play.pokemonshowdown.com/js/lib/preact.min.js"></script>

<script defer src="//play.pokemonshowdown.com/config/config.js?2bddbc15"></script>
<script defer src="//play.pokemonshowdown.com/js/lib/jquery-1.11.0.min.js"></script>
<script defer src="//play.pokemonshowdown.com/js/lib/html-sanitizer-minified.js"></script>
<script defer src="//play.pokemonshowdown.com/js/battle-sound.js"></script>
<script defer src="//play.pokemonshowdown.com/js/battledata.js?0.7209276989879541"></script>
<script defer src="//play.pokemonshowdown.com/data/pokedex-mini.js?0.6111056340867951"></script>
<script defer src="//play.pokemonshowdown.com/data/pokedex-mini-bw.js?0.3532142036491459"></script>
<script defer src="//play.pokemonshowdown.com/data/graphics.js?0.24223875632456182"></script>
<script defer src="//play.pokemonshowdown.com/data/pokedex.js?0.38839984266356864"></script>
<script defer src="//play.pokemonshowdown.com/data/moves.js?0.21866028504024015"></script>
<script defer src="//play.pokemonshowdown.com/data/abilities.js?0.2005157953846628"></script>
<script defer src="//play.pokemonshowdown.com/data/items.js?0.9894211263848525"></script>
<script defer src="//play.pokemonshowdown.com/data/teambuilder-tables.js?0.6008791140282215"></script>
<script defer src="//play.pokemonshowdown.com/js/battle-tooltips.js?0.7580118955022959"></script>
<script defer src="//play.pokemonshowdown.com/js/battle.js?0.6057722274234274"></script>

<script defer src="js/utils.js?e31f9a17"></script>
<script defer src="js/replays-battle.js?7008c182"></script>

<!-- don't scrape this data! just add .json or .log after the URL!
Full API docs: https://github.com/smogon/pokemon-showdown-client/blob/master/WEB-API.md -->
<script type="text/plain" class="log" id="replaylog-smogtours-gen3ou-793951">
|inactive|Battle timer is ON: inactive players will automatically lose when time's up.
|t:|1727881853
|gametype|singles
|player|p1|moowee|burglar|
|player|p2|thedolla|102|
|teamsize|p1|6
|teamsize|p2|6
|gen|3
|tier|[Gen 3] OU
|rule|Sleep Clause Mod: Limit one foe put to sleep
|rule|Switch Priority Clause Mod: Faster Pokémon switch first
|rule|Species Clause: Limit one of each Pokémon
|rule|OHKO Clause: OHKO moves are banned
|rule|Evasion Items Clause: Evasion items are banned
|rule|Evasion Moves Clause: Evasion moves are banned
|rule|Endless Battle Clause: Forcing endless battles is banned
|rule|HP Percentage Mod: HP is shown in percentages
|rule|One Boost Passer Clause: Limit one Baton Passer that has a way to boost its stats
|rule|Freeze Clause Mod: Limit one foe frozen
|
|t:|1727881853
|start
|switch|p1a: Tyranitar|Tyranitar, F|100/100
|switch|p2a: oi UE|Zapdos|100/100
|-weather|Sandstorm|[from] ability: Sand Stream|[of] p1a: Tyranitar
|turn|1
|c|☆thedolla|glhf
|c|☆moowee|glhf
|
|t:|1727881869
|switch|p2a: homelanda killed|Jirachi|100/100
|move|p1a: Tyranitar|Rock Slide|p2a: homelanda killed
|-resisted|p2a: homelanda killed
|-damage|p2a: homelanda killed|82/100
|
|-weather|Sandstorm|[upkeep]
|upkeep
|turn|2
|
|t:|1727881883
|move|p2a: homelanda killed|Hidden Power|p1a: Tyranitar
|-supereffective|p1a: Tyranitar
|-damage|p1a: Tyranitar|12/100
|move|p1a: Tyranitar|Earthquake|p2a: homelanda killed
|-supereffective|p2a: homelanda killed
|-damage|p2a: homelanda killed|10/100
|
|-weather|Sandstorm|[upkeep]
|-heal|p1a: Tyranitar|18/100|[from] item: Leftovers
|upkeep
|turn|3
|inactive|moowee has 270 seconds left.
|inactive|moowee has 240 seconds left.
|
|t:|1727881972
|switch|p1a: Gengar|Gengar, F|100/100
|move|p2a: homelanda killed|Hidden Power|p1a: Gengar
|-immune|p1a: Gengar
|
|-weather|Sandstorm|[upkeep]
|-damage|p1a: Gengar|94/100|[from] Sandstorm
|-heal|p1a: Gengar|100/100|[from] item: Leftovers
|upkeep
|turn|4
|
|t:|1727881983
|switch|p2a: ashley look at me|Tyranitar, F|100/100
|move|p1a: Gengar|Ice Punch|p2a: ashley look at me
|-damage|p2a: ashley look at me|79/100
|
|-weather|Sandstorm|[upkeep]
|-damage|p1a: Gengar|94/100|[from] Sandstorm
|-heal|p1a: Gengar|100/100|[from] item: Leftovers
|-heal|p2a: ashley look at me|85/100|[from] item: Leftovers
|upkeep
|turn|5
|
|t:|1727881989
|move|p1a: Gengar|Thunderbolt|p2a: ashley look at me
|-damage|p2a: ashley look at me|58/100
|-status|p2a: ashley look at me|par
|move|p2a: ashley look at me|Crunch|p1a: Gengar
|-supereffective|p1a: Gengar
|-damage|p1a: Gengar|0 fnt
|faint|p1a: Gengar
|
|t:|1727882007
|switch|p1a: Skarmory|Skarmory, M|100/100
|
|-weather|Sandstorm|[upkeep]
|-heal|p2a: ashley look at me|64/100 par|[from] item: Leftovers
|upkeep
|turn|6
|
|t:|1727882013
|move|p1a: Skarmory|Spikes|p2a: ashley look at me
|-sidestart|p2: thedolla|Spikes
|move|p2a: ashley look at me|Fire Blast|p1a: Skarmory
|-supereffective|p1a: Skarmory
|-damage|p1a: Skarmory|34/100
|-status|p1a: Skarmory|brn
|
|-weather|Sandstorm|[upkeep]
|-heal|p1a: Skarmory|40/100 brn|[from] item: Leftovers
|-damage|p1a: Skarmory|28/100 brn|[from] brn
|-heal|p2a: ashley look at me|71/100 par|[from] item: Leftovers
|upkeep
|turn|7
|
|t:|1727882020
|switch|p1a: Swampert|Swampert, M|100/100
|move|p2a: ashley look at me|Fire Blast|p1a: Swampert
|-resisted|p1a: Swampert
|-crit|p1a: Swampert
|-damage|p1a: Swampert|67/100
|
|-weather|Sandstorm|[upkeep]
|-heal|p1a: Swampert|73/100|[from] item: Leftovers
|-heal|p2a: ashley look at me|77/100 par|[from] item: Leftovers
|upkeep
|turn|8
|
|t:|1727882028
|move|p1a: Swampert|Earthquake|p2a: ashley look at me
|-supereffective|p2a: ashley look at me
|-damage|p2a: ashley look at me|13/100 par
|cant|p2a: ashley look at me|par
|
|-weather|Sandstorm|[upkeep]
|-heal|p1a: Swampert|79/100|[from] item: Leftovers
|-heal|p2a: ashley look at me|19/100 par|[from] item: Leftovers
|upkeep
|turn|9
|
|t:|1727882038
|switch|p2a: homelanda killed|Jirachi|10/100
|-damage|p2a: homelanda killed|0 fnt|[from] Spikes
|faint|p2a: homelanda killed
|
|t:|1727882040
|switch|p2a: me woif|Swampert, F|100/100
|-damage|p2a: me woif|88/100|[from] Spikes
|
|-weather|Sandstorm|[upkeep]
|-heal|p2a: me woif|94/100|[from] item: Leftovers
|-heal|p1a: Swampert|85/100|[from] item: Leftovers
|upkeep
|turn|10
|
|t:|1727882050
|move|p2a: me woif|Hydro Pump|p1a: Swampert
|-damage|p1a: Swampert|41/100
|move|p1a: Swampert|Earthquake|p2a: me woif
|-damage|p2a: me woif|57/100
|
|-weather|Sandstorm|[upkeep]
|-heal|p2a: me woif|64/100|[from] item: Leftovers
|-heal|p1a: Swampert|47/100|[from] item: Leftovers
|upkeep
|turn|11
|
|t:|1727882058
|switch|p2a: deep blow a train|Salamence, M|100/100
|-ability|p2a: deep blow a train|Intimidate|boost
|-unboost|p1a: Swampert|atk|1
|move|p1a: Swampert|Earthquake|p2a: deep blow a train
|-immune|p2a: deep blow a train
|
|-weather|Sandstorm|[upkeep]
|-damage|p2a: deep blow a train|94/100|[from] Sandstorm
|-heal|p2a: deep blow a train|100/100|[from] item: Leftovers
|-heal|p1a: Swampert|53/100|[from] item: Leftovers
|upkeep
|turn|12
|
|t:|1727882070
|move|p2a: deep blow a train|Hidden Power|p1a: Swampert
|-supereffective|p1a: Swampert
|-damage|p1a: Swampert|0 fnt
|faint|p1a: Swampert
|
|t:|1727882089
|switch|p1a: Blissey|Blissey, F|100/100
|
|-weather|Sandstorm|[upkeep]
|-damage|p2a: deep blow a train|94/100|[from] Sandstorm
|-damage|p1a: Blissey|94/100|[from] Sandstorm
|-heal|p2a: deep blow a train|100/100|[from] item: Leftovers
|-heal|p1a: Blissey|100/100|[from] item: Leftovers
|upkeep
|turn|13
|
|t:|1727882098
|switch|p2a: ashley look at me|Tyranitar, F|19/100 par
|-damage|p2a: ashley look at me|7/100 par|[from] Spikes
|move|p1a: Blissey|Toxic||[still]
|-fail|p1a: Blissey
|
|-weather|Sandstorm|[upkeep]
|-damage|p1a: Blissey|94/100|[from] Sandstorm
|-heal|p1a: Blissey|100/100|[from] item: Leftovers
|-heal|p2a: ashley look at me|13/100 par|[from] item: Leftovers
|upkeep
|turn|14
|
|t:|1727882106
|move|p1a: Blissey|Fire Blast|p2a: ashley look at me
|-resisted|p2a: ashley look at me
|-damage|p2a: ashley look at me|0 fnt
|faint|p2a: ashley look at me
|
|t:|1727882110
|switch|p2a: me woif|Swampert, F|64/100
|-damage|p2a: me woif|51/100|[from] Spikes
|
|-weather|Sandstorm|[upkeep]
|-damage|p1a: Blissey|94/100|[from] Sandstorm
|-heal|p2a: me woif|57/100|[from] item: Leftovers
|-heal|p1a: Blissey|100/100|[from] item: Leftovers
|upkeep
|turn|15
|
|t:|1727882120
|move|p2a: me woif|Earthquake|p1a: Blissey
|-damage|p1a: Blissey|62/100
|move|p1a: Blissey|Toxic|p2a: me woif
|-status|p2a: me woif|tox
|
|-weather|Sandstorm|[upkeep]
|-damage|p1a: Blissey|55/100|[from] Sandstorm
|-heal|p2a: me woif|64/100 tox|[from] item: Leftovers
|-damage|p2a: me woif|57/100 tox|[from] psn
|-heal|p1a: Blissey|62/100|[from] item: Leftovers
|upkeep
|turn|16
|
|t:|1727882125
|-singleturn|p2a: me woif|move: Focus Punch
|move|p1a: Blissey|Soft-Boiled|p1a: Blissey
|-heal|p1a: Blissey|100/100
|move|p2a: me woif|Focus Punch|p1a: Blissey
|-supereffective|p1a: Blissey
|-damage|p1a: Blissey|18/100
|
|-weather|Sandstorm|[upkeep]
|-damage|p1a: Blissey|11/100|[from] Sandstorm
|-heal|p2a: me woif|64/100 tox|[from] item: Leftovers
|-damage|p2a: me woif|51/100 tox|[from] psn
|-heal|p1a: Blissey|18/100|[from] item: Leftovers
|upkeep
|turn|17
|
|t:|1727882137
|move|p2a: me woif|Earthquake|p1a: Blissey
|-damage|p1a: Blissey|0 fnt
|faint|p1a: Blissey
|
|t:|1727882141
|switch|p1a: Tyranitar|Tyranitar, F|18/100
|
|-weather|Sandstorm|[upkeep]
|-heal|p1a: Tyranitar|24/100|[from] item: Leftovers
|-heal|p2a: me woif|57/100 tox|[from] item: Leftovers
|-damage|p2a: me woif|39/100 tox|[from] psn
|upkeep
|turn|18
|
|t:|1727882149
|move|p1a: Tyranitar|Protect|p1a: Tyranitar
|-singleturn|p1a: Tyranitar|Protect
|move|p2a: me woif|Earthquake|p1a: Tyranitar
|-activate|p1a: Tyranitar|Protect
|
|-weather|Sandstorm|[upkeep]
|-heal|p1a: Tyranitar|31/100|[from] item: Leftovers
|-heal|p2a: me woif|45/100 tox|[from] item: Leftovers
|-damage|p2a: me woif|20/100 tox|[from] psn
|upkeep
|turn|19
|
|t:|1727882158
|switch|p1a: Skarmory|Skarmory, M|28/100 brn
|move|p2a: me woif|Hydro Pump|p1a: Skarmory
|-damage|p1a: Skarmory|0 fnt
|faint|p1a: Skarmory
|
|t:|1727882175
|switch|p1a: Charizard|Charizard, M|100/100
|
|-weather|Sandstorm|[upkeep]
|-damage|p1a: Charizard|94/100|[from] Sandstorm
|-heal|p1a: Charizard|100/100|[from] item: Leftovers
|-heal|p2a: me woif|27/100 tox|[from] item: Leftovers
|-damage|p2a: me woif|0 fnt|[from] psn
|faint|p2a: me woif
|upkeep
|
|t:|1727882178
|switch|p2a: oi UE|Zapdos|100/100
|turn|20
|
|t:|1727882183
|move|p1a: Charizard|Fire Blast|p2a: oi UE
|-damage|p2a: oi UE|27/100
|move|p2a: oi UE|Thunderbolt|p1a: Charizard
|-supereffective|p1a: Charizard
|-damage|p1a: Charizard|0 fnt
|faint|p1a: Charizard
|
|t:|1727882188
|switch|p1a: Tyranitar|Tyranitar, F|31/100
|
|-weather|Sandstorm|[upkeep]
|-damage|p2a: oi UE|21/100|[from] Sandstorm
|-heal|p2a: oi UE|27/100|[from] item: Leftovers
|-heal|p1a: Tyranitar|37/100|[from] item: Leftovers
|upkeep
|turn|21
|
|t:|1727882195
|move|p2a: oi UE|Thunderbolt|p1a: Tyranitar
|-damage|p1a: Tyranitar|0 fnt
|faint|p1a: Tyranitar
|
|win|thedolla
|c|☆moowee|gg
|c|☆thedolla|gg

</script>
<script type="application/json" class="data" id="replaydata-smogtours-gen3ou-793951">
{"id":"smogtours-gen3ou-793951","format":"[Gen 3] OU","players":["moowee","thedolla"],"uploadtime":1727882195,"views":141,"formatid":"gen3ou","rating":null,"private":0,"password":null}
</script>

<script defer src="js/replays.js?9d40a366"></script>
