<!DOCTYPE html>
<meta charset="utf-8" />
<meta name="viewport" content="width=device-width" />

<title>[Gen 3] OU: Organic Oranges vs. Seradess - Replays - Pok&eacute;mon Showdown!</title>

<meta name="description" content="Watch a replay of a Pok&eacute;mon battle between Organic Oranges and Seradess! Format: [Gen 3] OU; Date: Oct 20, 2024" />
<!--

Hey, you! Looking in the source for the replay log?

You can find them in JSON format, just add `.json` at the end of a replay URL.

https://replay.pokemonshowdown.com/gen7randomdoublesbattle-865046831.json

Or, if you only need the log itself, add `.log` instead:

https://replay.pokemonshowdown.com/gen7randomdoublesbattle-865046831.log

-->

<link rel="stylesheet" href="//pokemonshowdown.com/style/global.css?0.023195364461161105" />
<link rel="stylesheet" href="//play.pokemonshowdown.com/style/font-awesome.css?0.13261647063804238" />
<link rel="stylesheet" href="//play.pokemonshowdown.com/style/battle.css?0.8753245789963631" />
<link rel="stylesheet" href="//play.pokemonshowdown.com/style/utilichart.css?0.8627959624976733" />

<!-- Global site tag (gtag.js) - Google Analytics -->
<script async src="https://www.googletagmanager.com/gtag/js?id=UA-26211653-1"></script>
<script>
  window.dataLayer = window.dataLayer || [];
  function gtag(){dataLayer.push(arguments);}
  gtag('js', new Date());

  gtag('config', 'UA-26211653-1');
</script>
<!-- End Google Analytics -->
<!-- Venatus Ad Manager - Install in <HEAD> of page -->
	<script src="https://hb.vntsm.com/v3/live/ad-manager.min.js" type="text/javascript" data-site-id="642aba63ec9a7b11c3c9c1be" data-mode="scan" async></script>
<!-- / Venatus Ad Manager -->

<style>
	@media (max-width:820px) {
		.battle {
			margin: 0 auto;
		}
		.battle-log {
			margin: 7px auto 0;
			max-width: 640px;
			height: 300px;
			position: static;
		}
	}
	.optgroup {
		display: inline-block;
		line-height: 22px;
		font-size: 10pt;
	}
	.optgroup .button {
		height: 25px;
		padding-top: 0;
		padding-bottom: 0;
	}
	.optgroup button.button {
		padding-left: 12px;
		padding-right: 12px;
	}
	.linklist {
		list-style: none;
		margin: 0.5em 0;
		padding: 0;
	}
	.linklist li {
		padding: 2px 0;
	}
	.sidebar {
		float: left;
		width: 320px;
	}
	.bar-wrapper {
		max-width: 1100px;
		margin: 0 auto;
	}
	.bar-wrapper.has-sidebar {
		max-width: 1430px;
	}
	.mainbar {
		margin: 0;
		padding-right: 1px;
	}
	.mainbar.has-sidebar {
		margin-left: 330px;
	}
	@media (min-width: 1511px) {
		.sidebar {
			width: 400px;
		}
		.bar-wrapper.has-sidebar {
			max-width: 1510px;
		}
		.mainbar.has-sidebar {
			margin-left: 410px;
		}
	}
	.section.first-section {
		margin-top: 9px;
	}
	.blocklink small {
		white-space: normal;
	}
	.button {
		vertical-align: middle;
	}
	.replay-controls {
		padding-top: 10px;
	}
	.replay-controls h1 {
		font-size: 16pt;
		font-weight: normal;
		color: #CCC;
	}
	.pagelink {
		text-align: center;
	}
	.pagelink a {
		width: 150px;
	}
	.textbox, .button {
		font-size: 11pt;
		vertical-align: middle;
	}
	@media (max-width: 450px) {
		.button {
			font-size: 9pt;
		}
	}
</style>

<div>

	<header>
		<div class="nav-wrapper"><ul class="nav">
			<li><a class="button nav-first" href="//pokemonshowdown.com/"><img src="//pokemonshowdown.com/images/pokemonshowdownbeta.png" srcset="//pokemonshowdown.com/images/pokemonshowdownbeta.png 1x, //pokemonshowdown.com/images/pokemonshowdownbeta@2x.png 2x" alt="Pok&eacute;mon Showdown" width="146" height="44" /> Home</a></li>
			<li><a class="button" href="//pokemonshowdown.com/dex/">Pok&eacute;dex</a></li>
			<li><a class="button cur" href="/">Replays</a></li>
			<li><a class="button" href="//pokemonshowdown.com/ladder/">Ladder</a></li>
			<li><a class="button nav-last" href="//pokemonshowdown.com/forums/">Forum</a></li>
			<li><a class="button greenbutton nav-first nav-last" href="//play.pokemonshowdown.com/">Play</a></li>
		</ul></div>
	</header>

	<div class="main" id="main">

		<noscript><section class="section">You need to enable JavaScript to use this page; sorry!</section></noscript>

	</div>

</div>

<script defer nomodule src="//play.pokemonshowdown.com/js/lib/ps-polyfill.js"></script>
<script defer src="//play.pokemonshowdown.com/js/lib/preact.min.js"></script>

<script defer src="//play.pokemonshowdown.com/config/config.js?2bddbc15"></script>
<script defer src="//play.pokemonshowdown.com/js/lib/jquery-1.11.0.min.js"></script>
<script defer src="//play.pokemonshowdown.com/js/lib/html-sanitizer-minified.js"></script>
<script defer src="//play.pokemonshowdown.com/js/battle-sound.js"></script>
<script defer src="//play.pokemonshowdown.com/js/battledata.js?0.7209276989879541"></script>
<script defer src="//play.pokemonshowdown.com/data/pokedex-mini.js?0.6111056340867951"></script>
<script defer src="//play.pokemonshowdown.com/data/pokedex-mini-bw.js?0.3532142036491459"></script>
<script defer src="//play.pokemonshowdown.com/data/graphics.js?0.24223875632456182"></script>
<script defer src="//play.pokemonshowdown.com/data/pokedex.js?0.38839984266356864"></script>
<script defer src="//play.pokemonshowdown.com/data/moves.js?0.21866028504024015"></script>
<script defer src="//play.pokemonshowdown.com/data/abilities.js?0.2005157953846628"></script>
<script defer src="//play.pokemonshowdown.com/data/items.js?0.9894211263848525"></script>
<script defer src="//play.pokemonshowdown.com/data/teambuilder-tables.js?0.6008791140282215"></script>
<script defer src="//play.pokemonshowdown.com/js/battle-tooltips.js?0.7580118955022959"></script>
<script defer src="//play.pokemonshowdown.com/js/battle.js?0.6057722274234274"></script>

<script defer src="js/utils.js?e31f9a17"></script>
<script defer src="js/replays-battle.js?7008c182"></script>

<!-- don't scrape this data! just add .json or .log after the URL!
Full API docs: https://github.com/smogon/pokemon-showdown-client/blob/master/WEB-API.md -->
<script type="text/plain" class="log" id="replaylog-smogtours-gen3ou-800626">
|inactive|Battle timer is ON: inactive players will automatically lose when time's up.
|t:|1729447179
|gametype|singles
|player|p1|Organic Oranges|tate|
|player|p2|Seradess|2|
|teamsize|p1|6
|teamsize|p2|6
|gen|3
|tier|[Gen 3] OU
|rule|Sleep Clause Mod: Limit one foe put to sleep
|rule|Switch Priority Clause Mod: Faster Pokémon switch first
|rule|Species Clause: Limit one of each Pokémon
|rule|OHKO Clause: OHKO moves are banned
|rule|Evasion Items Clause: Evasion items are banned
|rule|Evasion Moves Clause: Evasion moves are banned
|rule|Endless Battle Clause: Forcing endless battles is banned
|rule|HP Percentage Mod: HP is shown in percentages
|rule|One Boost Passer Clause: Limit one Baton Passer that has a way to boost its stats
|rule|Freeze Clause Mod: Limit one foe frozen
|
|t:|1729447179
|start
|switch|p1a: Ca Ira|Salamence, F, shiny|100/100
|switch|p2a: Tundra|Tyranitar, F, shiny|100/100
|-ability|p1a: Ca Ira|Intimidate|boost
|-unboost|p2a: Tundra|atk|1
|-weather|Sandstorm|[from] ability: Sand Stream|[of] p2a: Tundra
|turn|1
|c|☆Seradess|glhf
|
|t:|1729447201
|switch|p1a: Gyarados|Gyarados, M|100/100
|-ability|p1a: Gyarados|Intimidate|boost
|-unboost|p2a: Tundra|atk|1
|switch|p2a: Skarmory|Skarmory, F|100/100
|
|-weather|Sandstorm|[upkeep]
|-damage|p1a: Gyarados|94/100|[from] Sandstorm
|-heal|p1a: Gyarados|100/100|[from] item: Leftovers
|upkeep
|turn|2
|c|☆Organic Oranges|u2
|
|t:|1729447211
|move|p1a: Gyarados|Thunder Wave|p2a: Skarmory
|-status|p2a: Skarmory|par
|move|p2a: Skarmory|Spikes|p1a: Gyarados
|-sidestart|p1: Organic Oranges|Spikes
|
|-weather|Sandstorm|[upkeep]
|-damage|p1a: Gyarados|94/100|[from] Sandstorm
|-heal|p1a: Gyarados|100/100|[from] item: Leftovers
|upkeep
|turn|3
|
|t:|1729447233
|switch|p1a: Metagross|Metagross|100/100
|-damage|p1a: Metagross|88/100|[from] Spikes
|move|p2a: Skarmory|Spikes|p1a: Metagross
|-sidestart|p1: Organic Oranges|Spikes
|
|-weather|Sandstorm|[upkeep]
|upkeep
|turn|4
|
|t:|1729447240
|move|p1a: Metagross|Explosion|p2a: Skarmory
|-resisted|p2a: Skarmory
|-damage|p2a: Skarmory|0 fnt
|faint|p1a: Metagross
|faint|p2a: Skarmory
|
|t:|1729447261
|switch|p1a: Gyarados|Gyarados, M|100/100
|switch|p2a: Jirachi|Jirachi|100/100
|-ability|p1a: Gyarados|Intimidate|boost
|-unboost|p2a: Jirachi|atk|1
|
|-weather|Sandstorm|[upkeep]
|-damage|p1a: Gyarados|94/100|[from] Sandstorm
|-heal|p1a: Gyarados|100/100|[from] item: Leftovers
|upkeep
|turn|5
|
|t:|1729447269
|move|p2a: Jirachi|Thunder|p1a: Gyarados|[miss]
|-miss|p2a: Jirachi|p1a: Gyarados
|move|p1a: Gyarados|Thunder Wave|p2a: Jirachi
|-status|p2a: Jirachi|par
|
|-weather|Sandstorm|[upkeep]
|-damage|p1a: Gyarados|94/100|[from] Sandstorm
|-heal|p1a: Gyarados|100/100|[from] item: Leftovers
|upkeep
|turn|6
|
|t:|1729447287
|switch|p1a: Replay|Snorlax, F, shiny|100/100
|-damage|p1a: Replay|84/100|[from] Spikes
|cant|p2a: Jirachi|par
|
|-weather|Sandstorm|[upkeep]
|-damage|p1a: Replay|78/100|[from] Sandstorm
|-heal|p1a: Replay|84/100|[from] item: Leftovers
|upkeep
|turn|7
|
|t:|1729447298
|switch|p2a: Tundra|Tyranitar, F, shiny|100/100
|move|p1a: Replay|Curse|p1a: Replay
|-unboost|p1a: Replay|spe|1
|-boost|p1a: Replay|atk|1
|-boost|p1a: Replay|def|1
|
|-weather|Sandstorm|[upkeep]
|-damage|p1a: Replay|78/100|[from] Sandstorm
|-heal|p1a: Replay|84/100|[from] item: Leftovers
|upkeep
|turn|8
|
|t:|1729447308
|move|p2a: Tundra|Rock Slide|p1a: Replay
|-damage|p1a: Replay|58/100
|cant|p1a: Replay|flinch
|
|-weather|Sandstorm|[upkeep]
|-damage|p1a: Replay|52/100|[from] Sandstorm
|-heal|p1a: Replay|58/100|[from] item: Leftovers
|upkeep
|turn|9
|
|t:|1729447316
|move|p2a: Tundra|Rock Slide|p1a: Replay
|-damage|p1a: Replay|36/100
|move|p1a: Replay|Earthquake|p2a: Tundra
|-supereffective|p2a: Tundra
|-damage|p2a: Tundra|23/100
|
|-weather|Sandstorm|[upkeep]
|-damage|p1a: Replay|30/100|[from] Sandstorm
|-heal|p2a: Tundra|29/100|[from] item: Leftovers
|-heal|p1a: Replay|36/100|[from] item: Leftovers
|upkeep
|turn|10
|
|t:|1729447326
|move|p2a: Tundra|Rock Slide|p1a: Replay
|-damage|p1a: Replay|11/100
|move|p1a: Replay|Earthquake|p2a: Tundra
|-supereffective|p2a: Tundra
|-damage|p2a: Tundra|0 fnt
|faint|p2a: Tundra
|
|t:|1729447331
|switch|p2a: Seradess|Charizard, F, shiny|100/100
|
|-weather|Sandstorm|[upkeep]
|-damage|p2a: Seradess|94/100|[from] Sandstorm
|-damage|p1a: Replay|5/100|[from] Sandstorm
|-heal|p2a: Seradess|100/100|[from] item: Leftovers
|-heal|p1a: Replay|11/100|[from] item: Leftovers
|upkeep
|turn|11
|
|t:|1729447340
|move|p2a: Seradess|Flamethrower|p1a: Replay
|-damage|p1a: Replay|0 fnt
|faint|p1a: Replay
|
|t:|1729447357
|switch|p1a: Gyarados|Gyarados, M|100/100
|-ability|p1a: Gyarados|Intimidate|boost
|-unboost|p2a: Seradess|atk|1
|
|-weather|Sandstorm|[upkeep]
|-damage|p2a: Seradess|94/100|[from] Sandstorm
|-damage|p1a: Gyarados|94/100|[from] Sandstorm
|-heal|p2a: Seradess|100/100|[from] item: Leftovers
|-heal|p1a: Gyarados|100/100|[from] item: Leftovers
|upkeep
|turn|12
|
|t:|1729447365
|switch|p2a: Blissey|Blissey, F|100/100
|move|p1a: Gyarados|Dragon Dance|p1a: Gyarados
|-boost|p1a: Gyarados|atk|1
|-boost|p1a: Gyarados|spe|1
|
|-weather|Sandstorm|[upkeep]
|-damage|p1a: Gyarados|94/100|[from] Sandstorm
|-damage|p2a: Blissey|94/100|[from] Sandstorm
|-heal|p1a: Gyarados|100/100|[from] item: Leftovers
|-heal|p2a: Blissey|100/100|[from] item: Leftovers
|upkeep
|turn|13
|
|t:|1729447391
|move|p1a: Gyarados|Hidden Power|p2a: Blissey
|-damage|p2a: Blissey|38/100
|move|p2a: Blissey|Thunderbolt|p1a: Gyarados
|-supereffective|p1a: Gyarados
|-damage|p1a: Gyarados|2/100
|
|-weather|Sandstorm|[upkeep]
|-damage|p1a: Gyarados|0 fnt|[from] Sandstorm
|-damage|p2a: Blissey|32/100|[from] Sandstorm
|faint|p1a: Gyarados
|-heal|p2a: Blissey|38/100|[from] item: Leftovers
|upkeep
|inactive|Organic Oranges has 270 seconds left.
|
|t:|1729447412
|switch|p1a: Jirachi|Jirachi|100/100
|-damage|p1a: Jirachi|84/100|[from] Spikes
|turn|14
|
|t:|1729447418
|switch|p2a: LeBron|Swampert, M, shiny|100/100
|move|p1a: Jirachi|Calm Mind|p1a: Jirachi
|-boost|p1a: Jirachi|spa|1
|-boost|p1a: Jirachi|spd|1
|
|-weather|Sandstorm|[upkeep]
|-heal|p1a: Jirachi|90/100|[from] item: Leftovers
|upkeep
|turn|15
|inactive|Organic Oranges has 270 seconds left.
|
|t:|1729447433
|switch|p1a: Starmie|Starmie|100/100
|-damage|p1a: Starmie|84/100|[from] Spikes
|move|p2a: LeBron|Earthquake|p1a: Starmie
|-damage|p1a: Starmie|55/100
|
|-weather|Sandstorm|[upkeep]
|-damage|p1a: Starmie|48/100|[from] Sandstorm
|-heal|p1a: Starmie|55/100|[from] item: Leftovers
|upkeep
|turn|16
|
|t:|1729447445
|move|p1a: Starmie|Recover|p1a: Starmie
|-heal|p1a: Starmie|100/100
|move|p2a: LeBron|Earthquake|p1a: Starmie
|-damage|p1a: Starmie|68/100
|
|-weather|Sandstorm|[upkeep]
|-damage|p1a: Starmie|62/100|[from] Sandstorm
|-heal|p1a: Starmie|68/100|[from] item: Leftovers
|upkeep
|turn|17
|
|t:|1729447453
|switch|p2a: Blissey|Blissey, F|38/100
|move|p1a: Starmie|Surf|p2a: Blissey
|-damage|p2a: Blissey|25/100
|
|-weather|Sandstorm|[upkeep]
|-damage|p1a: Starmie|62/100|[from] Sandstorm
|-damage|p2a: Blissey|19/100|[from] Sandstorm
|-heal|p1a: Starmie|68/100|[from] item: Leftovers
|-heal|p2a: Blissey|25/100|[from] item: Leftovers
|upkeep
|turn|18
|inactive|Organic Oranges has 270 seconds left.
|
|t:|1729447463
|move|p1a: Starmie|Thunder Wave|p2a: Blissey
|-status|p2a: Blissey|par
|move|p2a: Blissey|Soft-Boiled|p2a: Blissey
|-heal|p2a: Blissey|75/100 par
|
|-weather|Sandstorm|[upkeep]
|-damage|p1a: Starmie|62/100|[from] Sandstorm
|-damage|p2a: Blissey|69/100 par|[from] Sandstorm
|-heal|p1a: Starmie|68/100|[from] item: Leftovers
|-heal|p2a: Blissey|75/100 par|[from] item: Leftovers
|upkeep
|turn|19
|inactive|Organic Oranges has 270 seconds left.
|
|t:|1729447474
|switch|p1a: Jirachi|Jirachi|90/100
|-damage|p1a: Jirachi|74/100|[from] Spikes
|cant|p2a: Blissey|par
|
|-weather|Sandstorm|[upkeep]
|-damage|p2a: Blissey|69/100 par|[from] Sandstorm
|-heal|p1a: Jirachi|80/100|[from] item: Leftovers
|-heal|p2a: Blissey|75/100 par|[from] item: Leftovers
|upkeep
|turn|20
|
|t:|1729447484
|-curestatus|p2a: Blissey|par|[from] ability: Natural Cure
|switch|p2a: LeBron|Swampert, M, shiny|100/100
|move|p1a: Jirachi|Calm Mind|p1a: Jirachi
|-boost|p1a: Jirachi|spa|1
|-boost|p1a: Jirachi|spd|1
|
|-weather|Sandstorm|[upkeep]
|-heal|p1a: Jirachi|86/100|[from] item: Leftovers
|upkeep
|turn|21
|
|t:|1729447494
|move|p1a: Jirachi|Fire Punch|p2a: LeBron
|-resisted|p2a: LeBron
|-damage|p2a: LeBron|89/100
|move|p2a: LeBron|Earthquake|p1a: Jirachi
|-supereffective|p1a: Jirachi
|-damage|p1a: Jirachi|38/100
|
|-weather|Sandstorm|[upkeep]
|-heal|p1a: Jirachi|44/100|[from] item: Leftovers
|-heal|p2a: LeBron|95/100|[from] item: Leftovers
|upkeep
|turn|22
|
|t:|1729447507
|move|p1a: Jirachi|Wish|p1a: Jirachi
|move|p2a: LeBron|Earthquake|p1a: Jirachi
|-supereffective|p1a: Jirachi
|-damage|p1a: Jirachi|0 fnt
|faint|p1a: Jirachi
|
|t:|1729447511
|switch|p1a: Starmie|Starmie|68/100
|-damage|p1a: Starmie|52/100|[from] Spikes
|
|-weather|Sandstorm|[upkeep]
|-damage|p1a: Starmie|46/100|[from] Sandstorm
|-heal|p1a: Starmie|52/100|[from] item: Leftovers
|-heal|p2a: LeBron|100/100|[from] item: Leftovers
|upkeep
|turn|23
|
|t:|1729447522
|switch|p2a: Jirachi|Jirachi|100/100 par
|move|p1a: Starmie|Recover|p1a: Starmie
|-heal|p1a: Starmie|100/100
|
|-weather|Sandstorm|[upkeep]
|-damage|p1a: Starmie|94/100|[from] Sandstorm
|-heal|p1a: Starmie|100/100|[from] item: Leftovers
|upkeep
|turn|24
|-message|Organic Oranges forfeited.
|
|win|Seradess
|player|p1|

</script>
<script type="application/json" class="data" id="replaydata-smogtours-gen3ou-800626">
{"id":"smogtours-gen3ou-800626","format":"[Gen 3] OU","players":["Organic Oranges","Seradess"],"uploadtime":1729447525,"views":156,"formatid":"gen3ou","rating":null,"private":0,"password":null}
</script>

<script defer src="js/replays.js?9d40a366"></script>
