<!DOCTYPE html>
<meta charset="utf-8" />
<meta name="viewport" content="width=device-width" />

<title>[Gen 3] OU: Organic Oranges vs. xtina xendrix - Replays - Pok&eacute;mon Showdown!</title>

<meta name="description" content="Watch a replay of a Pok&eacute;mon battle between Organic Oranges and xtina xendrix! Format: [Gen 3] OU; Date: Oct 29, 2024" />
<!--

Hey, you! Looking in the source for the replay log?

You can find them in JSON format, just add `.json` at the end of a replay URL.

https://replay.pokemonshowdown.com/gen7randomdoublesbattle-865046831.json

Or, if you only need the log itself, add `.log` instead:

https://replay.pokemonshowdown.com/gen7randomdoublesbattle-865046831.log

-->

<link rel="stylesheet" href="//pokemonshowdown.com/style/global.css?0.023195364461161105" />
<link rel="stylesheet" href="//play.pokemonshowdown.com/style/font-awesome.css?0.13261647063804238" />
<link rel="stylesheet" href="//play.pokemonshowdown.com/style/battle.css?0.8753245789963631" />
<link rel="stylesheet" href="//play.pokemonshowdown.com/style/utilichart.css?0.8627959624976733" />

<!-- Global site tag (gtag.js) - Google Analytics -->
<script async src="https://www.googletagmanager.com/gtag/js?id=UA-26211653-1"></script>
<script>
  window.dataLayer = window.dataLayer || [];
  function gtag(){dataLayer.push(arguments);}
  gtag('js', new Date());

  gtag('config', 'UA-26211653-1');
</script>
<!-- End Google Analytics -->
<!-- Venatus Ad Manager - Install in <HEAD> of page -->
	<script src="https://hb.vntsm.com/v3/live/ad-manager.min.js" type="text/javascript" data-site-id="642aba63ec9a7b11c3c9c1be" data-mode="scan" async></script>
<!-- / Venatus Ad Manager -->

<style>
	@media (max-width:820px) {
		.battle {
			margin: 0 auto;
		}
		.battle-log {
			margin: 7px auto 0;
			max-width: 640px;
			height: 300px;
			position: static;
		}
	}
	.optgroup {
		display: inline-block;
		line-height: 22px;
		font-size: 10pt;
	}
	.optgroup .button {
		height: 25px;
		padding-top: 0;
		padding-bottom: 0;
	}
	.optgroup button.button {
		padding-left: 12px;
		padding-right: 12px;
	}
	.linklist {
		list-style: none;
		margin: 0.5em 0;
		padding: 0;
	}
	.linklist li {
		padding: 2px 0;
	}
	.sidebar {
		float: left;
		width: 320px;
	}
	.bar-wrapper {
		max-width: 1100px;
		margin: 0 auto;
	}
	.bar-wrapper.has-sidebar {
		max-width: 1430px;
	}
	.mainbar {
		margin: 0;
		padding-right: 1px;
	}
	.mainbar.has-sidebar {
		margin-left: 330px;
	}
	@media (min-width: 1511px) {
		.sidebar {
			width: 400px;
		}
		.bar-wrapper.has-sidebar {
			max-width: 1510px;
		}
		.mainbar.has-sidebar {
			margin-left: 410px;
		}
	}
	.section.first-section {
		margin-top: 9px;
	}
	.blocklink small {
		white-space: normal;
	}
	.button {
		vertical-align: middle;
	}
	.replay-controls {
		padding-top: 10px;
	}
	.replay-controls h1 {
		font-size: 16pt;
		font-weight: normal;
		color: #CCC;
	}
	.pagelink {
		text-align: center;
	}
	.pagelink a {
		width: 150px;
	}
	.textbox, .button {
		font-size: 11pt;
		vertical-align: middle;
	}
	@media (max-width: 450px) {
		.button {
			font-size: 9pt;
		}
	}
</style>

<div>

	<header>
		<div class="nav-wrapper"><ul class="nav">
			<li><a class="button nav-first" href="//pokemonshowdown.com/"><img src="//pokemonshowdown.com/images/pokemonshowdownbeta.png" srcset="//pokemonshowdown.com/images/pokemonshowdownbeta.png 1x, //pokemonshowdown.com/images/pokemonshowdownbeta@2x.png 2x" alt="Pok&eacute;mon Showdown" width="146" height="44" /> Home</a></li>
			<li><a class="button" href="//pokemonshowdown.com/dex/">Pok&eacute;dex</a></li>
			<li><a class="button cur" href="/">Replays</a></li>
			<li><a class="button" href="//pokemonshowdown.com/ladder/">Ladder</a></li>
			<li><a class="button nav-last" href="//pokemonshowdown.com/forums/">Forum</a></li>
			<li><a class="button greenbutton nav-first nav-last" href="//play.pokemonshowdown.com/">Play</a></li>
		</ul></div>
	</header>

	<div class="main" id="main">

		<noscript><section class="section">You need to enable JavaScript to use this page; sorry!</section></noscript>

	</div>

</div>

<script defer nomodule src="//play.pokemonshowdown.com/js/lib/ps-polyfill.js"></script>
<script defer src="//play.pokemonshowdown.com/js/lib/preact.min.js"></script>

<script defer src="//play.pokemonshowdown.com/config/config.js?2bddbc15"></script>
<script defer src="//play.pokemonshowdown.com/js/lib/jquery-1.11.0.min.js"></script>
<script defer src="//play.pokemonshowdown.com/js/lib/html-sanitizer-minified.js"></script>
<script defer src="//play.pokemonshowdown.com/js/battle-sound.js"></script>
<script defer src="//play.pokemonshowdown.com/js/battledata.js?0.7209276989879541"></script>
<script defer src="//play.pokemonshowdown.com/data/pokedex-mini.js?0.6111056340867951"></script>
<script defer src="//play.pokemonshowdown.com/data/pokedex-mini-bw.js?0.3532142036491459"></script>
<script defer src="//play.pokemonshowdown.com/data/graphics.js?0.24223875632456182"></script>
<script defer src="//play.pokemonshowdown.com/data/pokedex.js?0.38839984266356864"></script>
<script defer src="//play.pokemonshowdown.com/data/moves.js?0.21866028504024015"></script>
<script defer src="//play.pokemonshowdown.com/data/abilities.js?0.2005157953846628"></script>
<script defer src="//play.pokemonshowdown.com/data/items.js?0.9894211263848525"></script>
<script defer src="//play.pokemonshowdown.com/data/teambuilder-tables.js?0.6008791140282215"></script>
<script defer src="//play.pokemonshowdown.com/js/battle-tooltips.js?0.7580118955022959"></script>
<script defer src="//play.pokemonshowdown.com/js/battle.js?0.6057722274234274"></script>

<script defer src="js/utils.js?e31f9a17"></script>
<script defer src="js/replays-battle.js?7008c182"></script>

<!-- don't scrape this data! just add .json or .log after the URL!
Full API docs: https://github.com/smogon/pokemon-showdown-client/blob/master/WEB-API.md -->
<script type="text/plain" class="log" id="replaylog-smogtours-gen3ou-803244">
|inactive|Battle timer is ON: inactive players will automatically lose when time's up.
|t:|1730221628
|gametype|singles
|player|p1|Organic Oranges|psychic-gen4|
|player|p2|xtina xendrix|lorelei-gen1|
|teamsize|p1|6
|teamsize|p2|6
|gen|3
|tier|[Gen 3] OU
|rule|Sleep Clause Mod: Limit one foe put to sleep
|rule|Switch Priority Clause Mod: Faster Pokémon switch first
|rule|Species Clause: Limit one of each Pokémon
|rule|OHKO Clause: OHKO moves are banned
|rule|Evasion Items Clause: Evasion items are banned
|rule|Evasion Moves Clause: Evasion moves are banned
|rule|Endless Battle Clause: Forcing endless battles is banned
|rule|HP Percentage Mod: HP is shown in percentages
|rule|One Boost Passer Clause: Limit one Baton Passer that has a way to boost its stats
|rule|Freeze Clause Mod: Limit one foe frozen
|
|t:|1730221628
|start
|switch|p1a: DOMOVOI|Slaking, M|100/100
|switch|p2a: Suicune|Suicune|100/100
|turn|1
|c|☆xtina xendrix|hf
|c|☆Organic Oranges|u2
|
|t:|1730221650
|switch|p2a: Tyranitar|Tyranitar, M|100/100
|-weather|Sandstorm|[from] ability: Sand Stream|[of] p2a: Tyranitar
|move|p1a: DOMOVOI|Body Slam|p2a: Tyranitar
|-resisted|p2a: Tyranitar
|-damage|p2a: Tyranitar|65/100
|
|-weather|Sandstorm|[upkeep]
|-damage|p1a: DOMOVOI|94/100|[from] Sandstorm
|upkeep
|turn|2
|inactive|xtina xendrix has 270 seconds left.
|
|t:|1730221686
|switch|p1a: Lvl 100 Splash|Gyarados, M|100/100
|-ability|p1a: Lvl 100 Splash|Intimidate|boost
|-unboost|p2a: Tyranitar|atk|1
|switch|p2a: Zapdos|Zapdos|100/100
|
|-weather|Sandstorm|[upkeep]
|-damage|p2a: Zapdos|94/100|[from] Sandstorm
|-damage|p1a: Lvl 100 Splash|94/100|[from] Sandstorm
|-heal|p2a: Zapdos|100/100|[from] item: Leftovers
|upkeep
|turn|3
|
|t:|1730221702
|switch|p1a: Guillietta|Blissey, F, shiny|100/100
|move|p2a: Zapdos|Agility|p2a: Zapdos
|-boost|p2a: Zapdos|spe|2
|
|-weather|Sandstorm|[upkeep]
|-damage|p2a: Zapdos|94/100|[from] Sandstorm
|-damage|p1a: Guillietta|94/100|[from] Sandstorm
|-heal|p2a: Zapdos|100/100|[from] item: Leftovers
|-heal|p1a: Guillietta|100/100|[from] item: Leftovers
|upkeep
|turn|4
|
|t:|1730221715
|move|p2a: Zapdos|Baton Pass|p2a: Zapdos
|
|t:|1730221717
|switch|p2a: Tyranitar|Tyranitar, M|65/100|[from] Baton Pass
|move|p1a: Guillietta|Ice Beam|p2a: Tyranitar
|-damage|p2a: Tyranitar|41/100
|
|-weather|Sandstorm|[upkeep]
|-damage|p1a: Guillietta|94/100|[from] Sandstorm
|-heal|p1a: Guillietta|100/100|[from] item: Leftovers
|upkeep
|turn|5
|
|t:|1730221727
|switch|p1a: Lvl 100 Splash|Gyarados, M|94/100
|-ability|p1a: Lvl 100 Splash|Intimidate|boost
|-unboost|p2a: Tyranitar|atk|1
|move|p2a: Tyranitar|Dragon Dance|p2a: Tyranitar
|-boost|p2a: Tyranitar|atk|1
|-boost|p2a: Tyranitar|spe|1
|
|-weather|Sandstorm|[upkeep]
|-damage|p1a: Lvl 100 Splash|88/100|[from] Sandstorm
|upkeep
|turn|6
|
|t:|1730221742
|switch|p1a: Bagworm|Forretress, M, shiny|100/100
|move|p2a: Tyranitar|Rock Slide|p1a: Bagworm|[miss]
|-miss|p2a: Tyranitar|p1a: Bagworm
|
|-weather|Sandstorm|[upkeep]
|upkeep
|turn|7
|
|t:|1730221750
|move|p2a: Tyranitar|Rock Slide|p1a: Bagworm
|-damage|p1a: Bagworm|76/100
|move|p1a: Bagworm|Hidden Power|p2a: Tyranitar
|-supereffective|p2a: Tyranitar
|-damage|p2a: Tyranitar|0 fnt
|faint|p2a: Tyranitar
|
|t:|1730221759
|switch|p2a: Suicune|Suicune|100/100
|
|-weather|Sandstorm|[upkeep]
|-damage|p2a: Suicune|94/100|[from] Sandstorm
|-heal|p1a: Bagworm|83/100|[from] item: Leftovers
|upkeep
|turn|8
|inactive|xtina xendrix has 270 seconds left.
|inactive|xtina xendrix has 240 seconds left.
|
|t:|1730221844
|move|p2a: Suicune|Hydro Pump|p1a: Bagworm
|-damage|p1a: Bagworm|0 fnt
|faint|p1a: Bagworm
|
|t:|1730221856
|switch|p1a: DOMOVOI|Slaking, M|94/100
|
|-weather|Sandstorm|[upkeep]
|-damage|p2a: Suicune|88/100|[from] Sandstorm
|-damage|p1a: DOMOVOI|88/100|[from] Sandstorm
|upkeep
|turn|9
|
|t:|1730221862
|move|p2a: Suicune|Hydro Pump|p1a: DOMOVOI
|-damage|p1a: DOMOVOI|45/100
|move|p1a: DOMOVOI|Body Slam|p2a: Suicune
|-damage|p2a: Suicune|15/100
|
|-weather|Sandstorm|[upkeep]
|-damage|p2a: Suicune|9/100|[from] Sandstorm
|-damage|p1a: DOMOVOI|39/100|[from] Sandstorm
|-enditem|p2a: Suicune|Salac Berry|[eat]
|-boost|p2a: Suicune|spe|1|[from] item: Salac Berry
|upkeep
|turn|10
|
|t:|1730221874
|switch|p1a: Lvl 100 Splash|Gyarados, M|88/100
|-ability|p1a: Lvl 100 Splash|Intimidate|boost
|-unboost|p2a: Suicune|atk|1
|move|p2a: Suicune|Hidden Power|p1a: Lvl 100 Splash
|-supereffective|p1a: Lvl 100 Splash
|-damage|p1a: Lvl 100 Splash|12/100
|
|-weather|Sandstorm|[upkeep]
|-damage|p2a: Suicune|3/100|[from] Sandstorm
|-damage|p1a: Lvl 100 Splash|6/100|[from] Sandstorm
|upkeep
|turn|11
|inactive|xtina xendrix has 240 seconds left.
|
|t:|1730221886
|move|p2a: Suicune|Ice Beam|p1a: Lvl 100 Splash
|-damage|p1a: Lvl 100 Splash|0 fnt
|faint|p1a: Lvl 100 Splash
|
|t:|1730221894
|switch|p1a: Guillietta|Blissey, F, shiny|100/100
|
|-weather|Sandstorm|[upkeep]
|-damage|p2a: Suicune|0 fnt|[from] Sandstorm
|-damage|p1a: Guillietta|94/100|[from] Sandstorm
|faint|p2a: Suicune
|-heal|p1a: Guillietta|100/100|[from] item: Leftovers
|upkeep
|
|t:|1730221899
|switch|p2a: Dugtrio|Dugtrio, F|100/100
|turn|12
|inactive|xtina xendrix has 240 seconds left.
|inactive|xtina xendrix has 210 seconds left.
|inactive|xtina xendrix has 180 seconds left.
|c|☆Organic Oranges|dont think pls :D
|
|t:|1730221978
|move|p2a: Dugtrio|Earthquake|p1a: Guillietta
|-damage|p1a: Guillietta|40/100
|move|p1a: Guillietta|Ice Beam|p2a: Dugtrio
|-supereffective|p2a: Dugtrio
|-crit|p2a: Dugtrio
|-damage|p2a: Dugtrio|0 fnt
|faint|p2a: Dugtrio
|inactive|xtina xendrix has 180 seconds left.
|c|☆xtina xendrix|.
|
|t:|1730221986
|switch|p2a: Metagross|Metagross|100/100
|
|-weather|Sandstorm|[upkeep]
|-damage|p1a: Guillietta|34/100|[from] Sandstorm
|-heal|p1a: Guillietta|40/100|[from] item: Leftovers
|upkeep
|turn|13
|
|t:|1730221995
|switch|p1a: Magtrio|Magneton, shiny|100/100
|move|p2a: Metagross|Meteor Mash|p1a: Magtrio
|-resisted|p1a: Magtrio
|-damage|p1a: Magtrio|78/100
|
|-weather|Sandstorm|[upkeep]
|upkeep
|turn|14
|
|t:|1730222008
|move|p1a: Magtrio|Thunder Wave|p2a: Metagross
|-status|p2a: Metagross|par
|cant|p2a: Metagross|par
|
|-weather|Sandstorm|[upkeep]
|upkeep
|turn|15
|
|t:|1730222016
|move|p1a: Magtrio|Thunderbolt|p2a: Metagross
|-crit|p2a: Metagross
|-damage|p2a: Metagross|0 fnt
|faint|p2a: Metagross
|c|☆xtina xendrix|come on man
|c|☆xtina xendrix|wtf
|c|☆Organic Oranges|srry
|c|☆Organic Oranges|btw
|
|t:|1730222035
|switch|p2a: Starmie|Starmie|100/100
|
|-weather|Sandstorm|[upkeep]
|-damage|p2a: Starmie|94/100|[from] Sandstorm
|-heal|p2a: Starmie|100/100|[from] item: Leftovers
|upkeep
|turn|16
|c|☆Organic Oranges|but that hydro doe
|
|t:|1730222044
|move|p2a: Starmie|Hydro Pump|p1a: Magtrio|[miss]
|-miss|p2a: Starmie|p1a: Magtrio
|move|p1a: Magtrio|Thunderbolt|p2a: Starmie
|-supereffective|p2a: Starmie
|-crit|p2a: Starmie
|-damage|p2a: Starmie|0 fnt
|faint|p2a: Starmie
|c|☆xtina xendrix|whatevrer
|c|☆xtina xendrix|/log xtina xendrix made the replay of this battle unlisted.
|-message|xtina xendrix forfeited.
|
|win|Organic Oranges
|player|p2|
|c|☆Organic Oranges|gg
|player|p2|xtina xendrix|lorelei-gen1|
|player|p1|

</script>
<script type="application/json" class="data" id="replaydata-smogtours-gen3ou-803244">
{"id":"smogtours-gen3ou-803244","format":"[Gen 3] OU","players":["Organic Oranges","xtina xendrix"],"uploadtime":1730222058,"views":93,"formatid":"gen3ou","rating":null,"private":1,"password":null}
</script>

<script defer src="js/replays.js?9d40a366"></script>
