<!DOCTYPE html>
<meta charset="utf-8" />
<meta name="viewport" content="width=device-width" />

<title>[Gen 3] OU: TheLargestLad vs. niartvco - Replays - Pok&eacute;mon Showdown!</title>

<meta name="description" content="Watch a replay of a Pok&eacute;mon battle between TheLargestLad and niartvco! Format: [Gen 3] OU; Date: Oct 8, 2024" />
<!--

Hey, you! Looking in the source for the replay log?

You can find them in JSON format, just add `.json` at the end of a replay URL.

https://replay.pokemonshowdown.com/gen7randomdoublesbattle-865046831.json

Or, if you only need the log itself, add `.log` instead:

https://replay.pokemonshowdown.com/gen7randomdoublesbattle-865046831.log

-->

<link rel="stylesheet" href="//pokemonshowdown.com/style/global.css?0.023195364461161105" />
<link rel="stylesheet" href="//play.pokemonshowdown.com/style/font-awesome.css?0.13261647063804238" />
<link rel="stylesheet" href="//play.pokemonshowdown.com/style/battle.css?0.8753245789963631" />
<link rel="stylesheet" href="//play.pokemonshowdown.com/style/utilichart.css?0.8627959624976733" />

<!-- Global site tag (gtag.js) - Google Analytics -->
<script async src="https://www.googletagmanager.com/gtag/js?id=UA-26211653-1"></script>
<script>
  window.dataLayer = window.dataLayer || [];
  function gtag(){dataLayer.push(arguments);}
  gtag('js', new Date());

  gtag('config', 'UA-26211653-1');
</script>
<!-- End Google Analytics -->
<!-- Venatus Ad Manager - Install in <HEAD> of page -->
	<script src="https://hb.vntsm.com/v3/live/ad-manager.min.js" type="text/javascript" data-site-id="642aba63ec9a7b11c3c9c1be" data-mode="scan" async></script>
<!-- / Venatus Ad Manager -->

<style>
	@media (max-width:820px) {
		.battle {
			margin: 0 auto;
		}
		.battle-log {
			margin: 7px auto 0;
			max-width: 640px;
			height: 300px;
			position: static;
		}
	}
	.optgroup {
		display: inline-block;
		line-height: 22px;
		font-size: 10pt;
	}
	.optgroup .button {
		height: 25px;
		padding-top: 0;
		padding-bottom: 0;
	}
	.optgroup button.button {
		padding-left: 12px;
		padding-right: 12px;
	}
	.linklist {
		list-style: none;
		margin: 0.5em 0;
		padding: 0;
	}
	.linklist li {
		padding: 2px 0;
	}
	.sidebar {
		float: left;
		width: 320px;
	}
	.bar-wrapper {
		max-width: 1100px;
		margin: 0 auto;
	}
	.bar-wrapper.has-sidebar {
		max-width: 1430px;
	}
	.mainbar {
		margin: 0;
		padding-right: 1px;
	}
	.mainbar.has-sidebar {
		margin-left: 330px;
	}
	@media (min-width: 1511px) {
		.sidebar {
			width: 400px;
		}
		.bar-wrapper.has-sidebar {
			max-width: 1510px;
		}
		.mainbar.has-sidebar {
			margin-left: 410px;
		}
	}
	.section.first-section {
		margin-top: 9px;
	}
	.blocklink small {
		white-space: normal;
	}
	.button {
		vertical-align: middle;
	}
	.replay-controls {
		padding-top: 10px;
	}
	.replay-controls h1 {
		font-size: 16pt;
		font-weight: normal;
		color: #CCC;
	}
	.pagelink {
		text-align: center;
	}
	.pagelink a {
		width: 150px;
	}
	.textbox, .button {
		font-size: 11pt;
		vertical-align: middle;
	}
	@media (max-width: 450px) {
		.button {
			font-size: 9pt;
		}
	}
</style>

<div>

	<header>
		<div class="nav-wrapper"><ul class="nav">
			<li><a class="button nav-first" href="//pokemonshowdown.com/"><img src="//pokemonshowdown.com/images/pokemonshowdownbeta.png" srcset="//pokemonshowdown.com/images/pokemonshowdownbeta.png 1x, //pokemonshowdown.com/images/pokemonshowdownbeta@2x.png 2x" alt="Pok&eacute;mon Showdown" width="146" height="44" /> Home</a></li>
			<li><a class="button" href="//pokemonshowdown.com/dex/">Pok&eacute;dex</a></li>
			<li><a class="button cur" href="/">Replays</a></li>
			<li><a class="button" href="//pokemonshowdown.com/ladder/">Ladder</a></li>
			<li><a class="button nav-last" href="//pokemonshowdown.com/forums/">Forum</a></li>
			<li><a class="button greenbutton nav-first nav-last" href="//play.pokemonshowdown.com/">Play</a></li>
		</ul></div>
	</header>

	<div class="main" id="main">

		<noscript><section class="section">You need to enable JavaScript to use this page; sorry!</section></noscript>

	</div>

</div>

<script defer nomodule src="//play.pokemonshowdown.com/js/lib/ps-polyfill.js"></script>
<script defer src="//play.pokemonshowdown.com/js/lib/preact.min.js"></script>

<script defer src="//play.pokemonshowdown.com/config/config.js?2bddbc15"></script>
<script defer src="//play.pokemonshowdown.com/js/lib/jquery-1.11.0.min.js"></script>
<script defer src="//play.pokemonshowdown.com/js/lib/html-sanitizer-minified.js"></script>
<script defer src="//play.pokemonshowdown.com/js/battle-sound.js"></script>
<script defer src="//play.pokemonshowdown.com/js/battledata.js?0.7209276989879541"></script>
<script defer src="//play.pokemonshowdown.com/data/pokedex-mini.js?0.6111056340867951"></script>
<script defer src="//play.pokemonshowdown.com/data/pokedex-mini-bw.js?0.3532142036491459"></script>
<script defer src="//play.pokemonshowdown.com/data/graphics.js?0.24223875632456182"></script>
<script defer src="//play.pokemonshowdown.com/data/pokedex.js?0.38839984266356864"></script>
<script defer src="//play.pokemonshowdown.com/data/moves.js?0.21866028504024015"></script>
<script defer src="//play.pokemonshowdown.com/data/abilities.js?0.2005157953846628"></script>
<script defer src="//play.pokemonshowdown.com/data/items.js?0.9894211263848525"></script>
<script defer src="//play.pokemonshowdown.com/data/teambuilder-tables.js?0.6008791140282215"></script>
<script defer src="//play.pokemonshowdown.com/js/battle-tooltips.js?0.7580118955022959"></script>
<script defer src="//play.pokemonshowdown.com/js/battle.js?0.6057722274234274"></script>

<script defer src="js/utils.js?e31f9a17"></script>
<script defer src="js/replays-battle.js?7008c182"></script>

<!-- don't scrape this data! just add .json or .log after the URL!
Full API docs: https://github.com/smogon/pokemon-showdown-client/blob/master/WEB-API.md -->
<script type="text/plain" class="log" id="replaylog-smogtours-gen3ou-796400">
|inactive|Battle timer is ON: inactive players will automatically lose when time's up.
|t:|1728407146
|gametype|singles
|player|p1|TheLargestLad|kofu|
|player|p2|niartvco|lucas|
|teamsize|p1|6
|teamsize|p2|6
|gen|3
|tier|[Gen 3] OU
|rule|Sleep Clause Mod: Limit one foe put to sleep
|rule|Switch Priority Clause Mod: Faster Pokémon switch first
|rule|Species Clause: Limit one of each Pokémon
|rule|OHKO Clause: OHKO moves are banned
|rule|Evasion Items Clause: Evasion items are banned
|rule|Evasion Moves Clause: Evasion moves are banned
|rule|Endless Battle Clause: Forcing endless battles is banned
|rule|HP Percentage Mod: HP is shown in percentages
|rule|One Boost Passer Clause: Limit one Baton Passer that has a way to boost its stats
|rule|Freeze Clause Mod: Limit one foe frozen
|
|t:|1728407146
|start
|switch|p1a: Soil Enthusiast|Tyranitar, M|100/100
|switch|p2a: Vaporeon|Vaporeon, M|100/100
|-weather|Sandstorm|[from] ability: Sand Stream|[of] p1a: Soil Enthusiast
|turn|1
|c|☆niartvco|hf
|c|☆TheLargestLad|aye
|
|t:|1728407167
|switch|p1a: Elfish|Blissey, F|100/100
|move|p2a: Vaporeon|Substitute|p2a: Vaporeon
|-start|p2a: Vaporeon|Substitute
|-damage|p2a: Vaporeon|75/100
|
|-weather|Sandstorm|[upkeep]
|-damage|p2a: Vaporeon|69/100|[from] Sandstorm
|-damage|p1a: Elfish|94/100|[from] Sandstorm
|-heal|p1a: Elfish|100/100|[from] item: Leftovers
|upkeep
|turn|2
|inactive|niartvco has 270 seconds left.
|
|t:|1728407197
|move|p2a: Vaporeon|Baton Pass|p2a: Vaporeon
|inactive|niartvco has 270 seconds left.
|
|t:|1728407207
|switch|p2a: Heracross|Heracross, M|100/100|[from] Baton Pass
|move|p1a: Elfish|Seismic Toss|p2a: Heracross
|-activate|p2a: Heracross|Substitute|[damage]
|
|-weather|Sandstorm|[upkeep]
|-damage|p2a: Heracross|94/100|[from] Sandstorm
|-damage|p1a: Elfish|94/100|[from] Sandstorm
|-heal|p1a: Elfish|100/100|[from] item: Leftovers
|upkeep
|turn|3
|inactive|TheLargestLad has 270 seconds left.
|
|t:|1728407255
|move|p2a: Heracross|Swords Dance|p2a: Heracross
|-boost|p2a: Heracross|atk|2
|move|p1a: Elfish|Ice Beam|p2a: Heracross
|-end|p2a: Heracross|Substitute
|
|-weather|Sandstorm|[upkeep]
|-damage|p2a: Heracross|88/100|[from] Sandstorm
|-damage|p1a: Elfish|94/100|[from] Sandstorm
|-heal|p1a: Elfish|100/100|[from] item: Leftovers
|upkeep
|turn|4
|
|t:|1728407273
|switch|p1a: Tricurious|Magneton|100/100
|move|p2a: Heracross|Substitute|p2a: Heracross
|-start|p2a: Heracross|Substitute
|-damage|p2a: Heracross|63/100
|
|-weather|Sandstorm|[upkeep]
|-damage|p2a: Heracross|57/100|[from] Sandstorm
|upkeep
|turn|5
|
|t:|1728407279
|move|p1a: Tricurious|Protect|p1a: Tricurious
|-singleturn|p1a: Tricurious|Protect
|move|p2a: Heracross|Megahorn|p1a: Tricurious
|-activate|p1a: Tricurious|Protect
|
|-weather|Sandstorm|[upkeep]
|-damage|p2a: Heracross|51/100|[from] Sandstorm
|upkeep
|turn|6
|
|t:|1728407286
|move|p2a: Heracross|Megahorn|p1a: Tricurious
|-resisted|p1a: Tricurious
|-crit|p1a: Tricurious
|-damage|p1a: Tricurious|0 fnt
|faint|p1a: Tricurious
|
|t:|1728407290
|switch|p1a: Gamer Chair|Swampert, F|100/100
|
|-weather|Sandstorm|[upkeep]
|-damage|p2a: Heracross|45/100|[from] Sandstorm
|upkeep
|turn|7
|
|t:|1728407295
|move|p2a: Heracross|Swords Dance|p2a: Heracross
|-boost|p2a: Heracross|atk|2
|move|p1a: Gamer Chair|Ice Beam|p2a: Heracross
|-activate|p2a: Heracross|Substitute|[damage]
|
|-weather|Sandstorm|[upkeep]
|-damage|p2a: Heracross|39/100|[from] Sandstorm
|upkeep
|turn|8
|
|t:|1728407299
|move|p2a: Heracross|Megahorn|p1a: Gamer Chair|[miss]
|-miss|p2a: Heracross|p1a: Gamer Chair
|move|p1a: Gamer Chair|Ice Beam|p2a: Heracross
|-end|p2a: Heracross|Substitute
|
|-weather|Sandstorm|[upkeep]
|-damage|p2a: Heracross|33/100|[from] Sandstorm
|upkeep
|turn|9
|
|t:|1728407304
|move|p2a: Heracross|Megahorn|p1a: Gamer Chair
|-damage|p1a: Gamer Chair|0 fnt
|faint|p1a: Gamer Chair
|
|t:|1728407307
|switch|p1a: The Onyon|Celebi|100/100
|
|-weather|Sandstorm|[upkeep]
|-damage|p1a: The Onyon|94/100|[from] Sandstorm
|-damage|p2a: Heracross|27/100|[from] Sandstorm
|-heal|p1a: The Onyon|100/100|[from] item: Leftovers
|upkeep
|turn|10
|
|t:|1728407322
|switch|p2a: Vaporeon|Vaporeon, M|69/100
|move|p1a: The Onyon|Hidden Power|p2a: Vaporeon
|-resisted|p2a: Vaporeon
|-damage|p2a: Vaporeon|62/100
|
|-weather|Sandstorm|[upkeep]
|-damage|p1a: The Onyon|94/100|[from] Sandstorm
|-damage|p2a: Vaporeon|56/100|[from] Sandstorm
|-heal|p1a: The Onyon|100/100|[from] item: Leftovers
|upkeep
|turn|11
|
|t:|1728407331
|move|p1a: The Onyon|Calm Mind|p1a: The Onyon
|-boost|p1a: The Onyon|spa|1
|-boost|p1a: The Onyon|spd|1
|move|p2a: Vaporeon|Baton Pass|p2a: Vaporeon
|
|t:|1728407334
|switch|p2a: Heracross|Heracross, M|27/100|[from] Baton Pass
|
|-weather|Sandstorm|[upkeep]
|-damage|p1a: The Onyon|94/100|[from] Sandstorm
|-damage|p2a: Heracross|21/100|[from] Sandstorm
|-heal|p1a: The Onyon|100/100|[from] item: Leftovers
|-enditem|p2a: Heracross|Salac Berry|[eat]
|-boost|p2a: Heracross|spe|1|[from] item: Salac Berry
|upkeep
|turn|12
|
|t:|1728407346
|move|p2a: Heracross|Megahorn|p1a: The Onyon
|-supereffective|p1a: The Onyon
|-damage|p1a: The Onyon|0 fnt
|faint|p1a: The Onyon
|
|t:|1728407348
|switch|p1a: My Beloved|Cradily, F, shiny|100/100
|
|-weather|Sandstorm|[upkeep]
|-damage|p2a: Heracross|15/100|[from] Sandstorm
|upkeep
|turn|13
|
|t:|1728407353
|move|p2a: Heracross|Megahorn|p1a: My Beloved
|-supereffective|p1a: My Beloved
|-damage|p1a: My Beloved|0 fnt
|faint|p1a: My Beloved
|
|t:|1728407356
|switch|p1a: Elfish|Blissey, F|100/100
|
|-weather|Sandstorm|[upkeep]
|-damage|p2a: Heracross|9/100|[from] Sandstorm
|-damage|p1a: Elfish|94/100|[from] Sandstorm
|-heal|p1a: Elfish|100/100|[from] item: Leftovers
|upkeep
|turn|14
|
|t:|1728407360
|move|p2a: Heracross|Megahorn|p1a: Elfish|[miss]
|-miss|p2a: Heracross|p1a: Elfish
|move|p1a: Elfish|Ice Beam|p2a: Heracross
|-damage|p2a: Heracross|0 fnt
|faint|p2a: Heracross
|
|t:|1728407365
|switch|p2a: Cloyster|Cloyster, M|100/100
|
|-weather|Sandstorm|[upkeep]
|-damage|p2a: Cloyster|94/100|[from] Sandstorm
|-damage|p1a: Elfish|94/100|[from] Sandstorm
|-heal|p2a: Cloyster|100/100|[from] item: Leftovers
|-heal|p1a: Elfish|100/100|[from] item: Leftovers
|upkeep
|turn|15
|
|t:|1728407368
|switch|p1a: Soil Enthusiast|Tyranitar, M|100/100
|move|p2a: Cloyster|Explosion|p1a: Soil Enthusiast
|-resisted|p1a: Soil Enthusiast
|-damage|p1a: Soil Enthusiast|65/100
|faint|p2a: Cloyster
|
|t:|1728407376
|switch|p2a: Vaporeon|Vaporeon, M|56/100
|
|-weather|Sandstorm|[upkeep]
|-damage|p2a: Vaporeon|50/100|[from] Sandstorm
|-heal|p1a: Soil Enthusiast|71/100|[from] item: Leftovers
|upkeep
|turn|16
|
|t:|1728407380
|move|p2a: Vaporeon|Substitute|p2a: Vaporeon
|-start|p2a: Vaporeon|Substitute
|-damage|p2a: Vaporeon|25/100
|move|p1a: Soil Enthusiast|Crunch|p2a: Vaporeon
|-end|p2a: Vaporeon|Substitute
|
|-weather|Sandstorm|[upkeep]
|-damage|p2a: Vaporeon|19/100|[from] Sandstorm
|-enditem|p2a: Vaporeon|Salac Berry|[eat]
|-boost|p2a: Vaporeon|spe|1|[from] item: Salac Berry
|-heal|p1a: Soil Enthusiast|77/100|[from] item: Leftovers
|upkeep
|turn|17
|
|t:|1728407387
|move|p2a: Vaporeon|Hydro Pump|p1a: Soil Enthusiast
|-supereffective|p1a: Soil Enthusiast
|-damage|p1a: Soil Enthusiast|0 fnt
|faint|p1a: Soil Enthusiast
|
|t:|1728407388
|switch|p1a: Elfish|Blissey, F|100/100
|
|-weather|Sandstorm|[upkeep]
|-damage|p2a: Vaporeon|12/100|[from] Sandstorm
|-damage|p1a: Elfish|94/100|[from] Sandstorm
|-heal|p1a: Elfish|100/100|[from] item: Leftovers
|upkeep
|turn|18
|
|t:|1728407392
|move|p2a: Vaporeon|Hydro Pump|p1a: Elfish
|-damage|p1a: Elfish|78/100
|move|p1a: Elfish|Seismic Toss|p2a: Vaporeon
|-damage|p2a: Vaporeon|0 fnt
|faint|p2a: Vaporeon
|
|t:|1728407397
|switch|p2a: Gengar|Gengar, F|100/100
|
|-weather|Sandstorm|[upkeep]
|-damage|p2a: Gengar|94/100|[from] Sandstorm
|-damage|p1a: Elfish|72/100|[from] Sandstorm
|-heal|p2a: Gengar|100/100|[from] item: Leftovers
|-heal|p1a: Elfish|78/100|[from] item: Leftovers
|upkeep
|turn|19
|
|t:|1728407399
|move|p2a: Gengar|Explosion|p1a: Elfish
|-damage|p1a: Elfish|0 fnt
|faint|p2a: Gengar
|faint|p1a: Elfish
|
|win|niartvco
|player|p1|
|c|☆niartvco|/log niartvco made the replay of this battle unlisted.
|player|p1|TheLargestLad|kofu|
|player|p1|
|player|p1|TheLargestLad|kofu|

</script>
<script type="application/json" class="data" id="replaydata-smogtours-gen3ou-796400">
{"id":"smogtours-gen3ou-796400","format":"[Gen 3] OU","players":["TheLargestLad","niartvco"],"uploadtime":1728407399,"views":96,"formatid":"gen3ou","rating":null,"private":1,"password":null}
</script>

<script defer src="js/replays.js?9d40a366"></script>
