<!DOCTYPE html>
<meta charset="utf-8" />
<meta name="viewport" content="width=device-width" />

<title>[Gen 3] OU: shadowinger vs. Ramsus776 - Replays - Pok&eacute;mon Showdown!</title>

<meta name="description" content="Watch a replay of a Pok&eacute;mon battle between shadowinger and Ramsus776! Format: [Gen 3] OU; Date: Oct 12, 2024" />
<!--

Hey, you! Looking in the source for the replay log?

You can find them in JSON format, just add `.json` at the end of a replay URL.

https://replay.pokemonshowdown.com/gen7randomdoublesbattle-865046831.json

Or, if you only need the log itself, add `.log` instead:

https://replay.pokemonshowdown.com/gen7randomdoublesbattle-865046831.log

-->

<link rel="stylesheet" href="//pokemonshowdown.com/style/global.css?0.767286132409787" />
<link rel="stylesheet" href="//play.pokemonshowdown.com/style/font-awesome.css?0.9266228007934947" />
<link rel="stylesheet" href="//play.pokemonshowdown.com/style/battle.css?0.7924700842790926" />
<link rel="stylesheet" href="//play.pokemonshowdown.com/style/utilichart.css?0.8777417872839479" />

<!-- Global site tag (gtag.js) - Google Analytics -->
<script async src="https://www.googletagmanager.com/gtag/js?id=UA-26211653-1"></script>
<script>
  window.dataLayer = window.dataLayer || [];
  function gtag(){dataLayer.push(arguments);}
  gtag('js', new Date());

  gtag('config', 'UA-26211653-1');
</script>
<!-- End Google Analytics -->
<!-- Venatus Ad Manager - Install in <HEAD> of page -->
	<script src="https://hb.vntsm.com/v3/live/ad-manager.min.js" type="text/javascript" data-site-id="642aba63ec9a7b11c3c9c1be" data-mode="scan" async></script>
<!-- / Venatus Ad Manager -->

<style>
	@media (max-width:820px) {
		.battle {
			margin: 0 auto;
		}
		.battle-log {
			margin: 7px auto 0;
			max-width: 640px;
			height: 300px;
			position: static;
		}
	}
	.optgroup {
		display: inline-block;
		line-height: 22px;
		font-size: 10pt;
	}
	.optgroup .button {
		height: 25px;
		padding-top: 0;
		padding-bottom: 0;
	}
	.optgroup button.button {
		padding-left: 12px;
		padding-right: 12px;
	}
	.linklist {
		list-style: none;
		margin: 0.5em 0;
		padding: 0;
	}
	.linklist li {
		padding: 2px 0;
	}
	.sidebar {
		float: left;
		width: 320px;
	}
	.bar-wrapper {
		max-width: 1100px;
		margin: 0 auto;
	}
	.bar-wrapper.has-sidebar {
		max-width: 1430px;
	}
	.mainbar {
		margin: 0;
		padding-right: 1px;
	}
	.mainbar.has-sidebar {
		margin-left: 330px;
	}
	@media (min-width: 1511px) {
		.sidebar {
			width: 400px;
		}
		.bar-wrapper.has-sidebar {
			max-width: 1510px;
		}
		.mainbar.has-sidebar {
			margin-left: 410px;
		}
	}
	.section.first-section {
		margin-top: 9px;
	}
	.blocklink small {
		white-space: normal;
	}
	.button {
		vertical-align: middle;
	}
	.replay-controls {
		padding-top: 10px;
	}
	.replay-controls h1 {
		font-size: 16pt;
		font-weight: normal;
		color: #CCC;
	}
	.pagelink {
		text-align: center;
	}
	.pagelink a {
		width: 150px;
	}
	.textbox, .button {
		font-size: 11pt;
		vertical-align: middle;
	}
	@media (max-width: 450px) {
		.button {
			font-size: 9pt;
		}
	}
</style>

<div>

	<header>
		<div class="nav-wrapper"><ul class="nav">
			<li><a class="button nav-first" href="//pokemonshowdown.com/"><img src="//pokemonshowdown.com/images/pokemonshowdownbeta.png" srcset="//pokemonshowdown.com/images/pokemonshowdownbeta.png 1x, //pokemonshowdown.com/images/pokemonshowdownbeta@2x.png 2x" alt="Pok&eacute;mon Showdown" width="146" height="44" /> Home</a></li>
			<li><a class="button" href="//pokemonshowdown.com/dex/">Pok&eacute;dex</a></li>
			<li><a class="button cur" href="/">Replays</a></li>
			<li><a class="button" href="//pokemonshowdown.com/ladder/">Ladder</a></li>
			<li><a class="button nav-last" href="//pokemonshowdown.com/forums/">Forum</a></li>
			<li><a class="button greenbutton nav-first nav-last" href="//play.pokemonshowdown.com/">Play</a></li>
		</ul></div>
	</header>

	<div class="main" id="main">

		<noscript><section class="section">You need to enable JavaScript to use this page; sorry!</section></noscript>

	</div>

</div>

<script defer nomodule src="//play.pokemonshowdown.com/js/lib/ps-polyfill.js"></script>
<script defer src="//play.pokemonshowdown.com/js/lib/preact.min.js"></script>

<script defer src="//play.pokemonshowdown.com/config/config.js?6dec07f6"></script>
<script defer src="//play.pokemonshowdown.com/js/lib/jquery-1.11.0.min.js"></script>
<script defer src="//play.pokemonshowdown.com/js/lib/html-sanitizer-minified.js"></script>
<script defer src="//play.pokemonshowdown.com/js/battle-sound.js"></script>
<script defer src="//play.pokemonshowdown.com/js/battledata.js?0.6315294753075389"></script>
<script defer src="//play.pokemonshowdown.com/data/pokedex-mini.js?0.7603743185311358"></script>
<script defer src="//play.pokemonshowdown.com/data/pokedex-mini-bw.js?0.030888842834281283"></script>
<script defer src="//play.pokemonshowdown.com/data/graphics.js?0.05593094747507488"></script>
<script defer src="//play.pokemonshowdown.com/data/pokedex.js?0.47064822249611904"></script>
<script defer src="//play.pokemonshowdown.com/data/moves.js?0.8583693120512459"></script>
<script defer src="//play.pokemonshowdown.com/data/abilities.js?0.16017181182386842"></script>
<script defer src="//play.pokemonshowdown.com/data/items.js?0.4163379185673943"></script>
<script defer src="//play.pokemonshowdown.com/data/teambuilder-tables.js?0.31075597372830477"></script>
<script defer src="//play.pokemonshowdown.com/js/battle-tooltips.js?0.6536193500708172"></script>
<script defer src="//play.pokemonshowdown.com/js/battle.js?0.1916591943277901"></script>

<script defer src="js/utils.js?e31f9a17"></script>
<script defer src="js/replays-battle.js?7008c182"></script>

<!-- don't scrape this data! just add .json or .log after the URL!
Full API docs: https://github.com/smogon/pokemon-showdown-client/blob/master/WEB-API.md -->
<script type="text/plain" class="log" id="replaylog-smogtours-gen3ou-797442">
|inactive|Battle timer is ON: inactive players will automatically lose when time's up.
|t:|1728744400
|gametype|singles
|player|p1|shadowinger|102|
|player|p2|Ramsus776|burgh|
|teamsize|p1|6
|teamsize|p2|6
|gen|3
|tier|[Gen 3] OU
|rule|Sleep Clause Mod: Limit one foe put to sleep
|rule|Switch Priority Clause Mod: Faster Pokémon switch first
|rule|Species Clause: Limit one of each Pokémon
|rule|OHKO Clause: OHKO moves are banned
|rule|Evasion Items Clause: Evasion items are banned
|rule|Evasion Moves Clause: Evasion moves are banned
|rule|Endless Battle Clause: Forcing endless battles is banned
|rule|HP Percentage Mod: HP is shown in percentages
|rule|One Boost Passer Clause: Limit one Baton Passer that has a way to boost its stats
|rule|Freeze Clause Mod: Limit one foe frozen
|
|t:|1728744400
|start
|switch|p1a: Salamence|Salamence, F|100/100
|switch|p2a: A mimir|Smeargle, F|100/100
|-ability|p1a: Salamence|Intimidate|boost
|-unboost|p2a: A mimir|atk|1
|turn|1
|
|t:|1728744425
|switch|p2a: Boo|Gengar, M|100/100
|move|p1a: Salamence|Brick Break|p2a: Boo
|-immune|p2a: Boo
|
|upkeep
|turn|2
|
|t:|1728744440
|switch|p1a: Swampert|Swampert, F|100/100
|move|p2a: Boo|Will-O-Wisp|p1a: Swampert
|-status|p1a: Swampert|brn
|
|-damage|p1a: Swampert|88/100 brn|[from] brn
|upkeep
|turn|3
|
|t:|1728744470
|move|p2a: Boo|Ice Punch|p1a: Swampert
|-damage|p1a: Swampert|61/100 brn
|move|p1a: Swampert|Hydro Pump|p2a: Boo
|-damage|p2a: Boo|34/100
|
|-heal|p2a: Boo|40/100|[from] item: Leftovers
|-heal|p1a: Swampert|67/100 brn|[from] item: Leftovers
|-damage|p1a: Swampert|55/100 brn|[from] brn
|upkeep
|turn|4
|
|t:|1728744492
|switch|p2a: Meddle|Kingdra, F|100/100
|move|p1a: Swampert|Hydro Pump|p2a: Meddle|[miss]
|-miss|p1a: Swampert|p2a: Meddle
|
|-heal|p1a: Swampert|61/100 brn|[from] item: Leftovers
|-damage|p1a: Swampert|49/100 brn|[from] brn
|upkeep
|turn|5
|
|t:|1728744502
|switch|p1a: Snorlax|Snorlax, M|100/100
|move|p2a: Meddle|Hydro Pump|p1a: Snorlax
|-damage|p1a: Snorlax|70/100
|
|-heal|p1a: Snorlax|77/100|[from] item: Leftovers
|upkeep
|turn|6
|
|t:|1728744514
|switch|p2a: A mimir|Smeargle, F|100/100
|move|p1a: Snorlax|Shadow Ball|p2a: A mimir
|-immune|p2a: A mimir
|
|-heal|p1a: Snorlax|83/100|[from] item: Leftovers
|upkeep
|turn|7
|
|t:|1728744523
|move|p2a: A mimir|Substitute|p2a: A mimir
|-start|p2a: A mimir|Substitute
|-damage|p2a: A mimir|76/100
|move|p1a: Snorlax|Body Slam|p2a: A mimir
|-end|p2a: A mimir|Substitute
|
|-heal|p1a: Snorlax|89/100|[from] item: Leftovers
|upkeep
|turn|8
|
|t:|1728744528
|switch|p1a: Swampert|Swampert, F|49/100 brn
|move|p2a: A mimir|Spore||[still]
|-fail|p2a: A mimir
|
|-heal|p1a: Swampert|55/100 brn|[from] item: Leftovers
|-damage|p1a: Swampert|43/100 brn|[from] brn
|upkeep
|turn|9
|
|t:|1728744540
|move|p2a: A mimir|Substitute|p2a: A mimir
|-start|p2a: A mimir|Substitute
|-damage|p2a: A mimir|51/100
|move|p1a: Swampert|Ice Beam|p2a: A mimir
|-end|p2a: A mimir|Substitute
|
|-heal|p1a: Swampert|49/100 brn|[from] item: Leftovers
|-damage|p1a: Swampert|37/100 brn|[from] brn
|upkeep
|turn|10
|
|t:|1728744546
|move|p2a: A mimir|Substitute|p2a: A mimir
|-start|p2a: A mimir|Substitute
|-damage|p2a: A mimir|26/100
|move|p1a: Swampert|Ice Beam|p2a: A mimir
|-end|p2a: A mimir|Substitute
|
|-heal|p1a: Swampert|43/100 brn|[from] item: Leftovers
|-damage|p1a: Swampert|30/100 brn|[from] brn
|upkeep
|turn|11
|
|t:|1728744552
|move|p2a: A mimir|Spikes|p1a: Swampert
|-sidestart|p1: shadowinger|Spikes
|move|p1a: Swampert|Ice Beam|p2a: A mimir
|-crit|p2a: A mimir
|-damage|p2a: A mimir|0 fnt
|faint|p2a: A mimir
|
|t:|1728744562
|switch|p2a: Boo|Gengar, M|40/100
|
|-heal|p2a: Boo|46/100|[from] item: Leftovers
|-heal|p1a: Swampert|37/100 brn|[from] item: Leftovers
|-damage|p1a: Swampert|24/100 brn|[from] brn
|upkeep
|turn|12
|
|t:|1728744570
|move|p2a: Boo|Ice Punch|p1a: Swampert
|-damage|p1a: Swampert|0 fnt
|faint|p1a: Swampert
|
|t:|1728744575
|switch|p1a: Zapdos|Zapdos|100/100
|
|-heal|p2a: Boo|53/100|[from] item: Leftovers
|upkeep
|turn|13
|
|t:|1728744594
|switch|p2a: Alcachofa|Tyranitar, M|100/100
|-weather|Sandstorm|[from] ability: Sand Stream|[of] p2a: Alcachofa
|move|p1a: Zapdos|Thunderbolt|p2a: Alcachofa
|-damage|p2a: Alcachofa|60/100
|
|-weather|Sandstorm|[upkeep]
|-damage|p1a: Zapdos|94/100|[from] Sandstorm
|-heal|p1a: Zapdos|100/100|[from] item: Leftovers
|upkeep
|turn|14
|
|t:|1728744602
|switch|p1a: Metagross|Metagross|100/100
|-damage|p1a: Metagross|88/100|[from] Spikes
|move|p2a: Alcachofa|Dragon Dance|p2a: Alcachofa
|-boost|p2a: Alcachofa|atk|1
|-boost|p2a: Alcachofa|spe|1
|
|-weather|Sandstorm|[upkeep]
|-heal|p1a: Metagross|94/100|[from] item: Leftovers
|upkeep
|turn|15
|
|t:|1728744612
|switch|p2a: 2012|Metagross|100/100
|move|p1a: Metagross|Meteor Mash|p2a: 2012
|-resisted|p2a: 2012
|-damage|p2a: 2012|82/100
|
|-weather|Sandstorm|[upkeep]
|-heal|p1a: Metagross|99/100|[from] item: Leftovers
|upkeep
|turn|16
|
|t:|1728744623
|switch|p1a: Zapdos|Zapdos|100/100
|move|p2a: 2012|Explosion|p1a: Zapdos
|-damage|p1a: Zapdos|0 fnt
|faint|p2a: 2012
|faint|p1a: Zapdos
|
|t:|1728744628
|switch|p1a: Metagross|Metagross|99/100
|switch|p2a: Boo|Gengar, M|53/100
|-damage|p1a: Metagross|88/100|[from] Spikes
|
|-weather|Sandstorm|[upkeep]
|-damage|p2a: Boo|46/100|[from] Sandstorm
|-heal|p2a: Boo|53/100|[from] item: Leftovers
|-heal|p1a: Metagross|94/100|[from] item: Leftovers
|upkeep
|turn|17
|
|t:|1728744631
|move|p2a: Boo|Will-O-Wisp|p1a: Metagross
|-status|p1a: Metagross|brn
|move|p1a: Metagross|Psychic|p2a: Boo
|-supereffective|p2a: Boo
|-damage|p2a: Boo|0 fnt
|faint|p2a: Boo
|
|t:|1728744656
|switch|p2a: Alcachofa|Tyranitar, M|60/100
|
|-weather|Sandstorm|[upkeep]
|-heal|p1a: Metagross|99/100 brn|[from] item: Leftovers
|-damage|p1a: Metagross|88/100 brn|[from] brn
|upkeep
|turn|18
|
|t:|1728744659
|move|p2a: Alcachofa|Dragon Dance|p2a: Alcachofa
|-boost|p2a: Alcachofa|atk|1
|-boost|p2a: Alcachofa|spe|1
|move|p1a: Metagross|Meteor Mash|p2a: Alcachofa
|-supereffective|p2a: Alcachofa
|-damage|p2a: Alcachofa|24/100
|
|-weather|Sandstorm|[upkeep]
|-heal|p1a: Metagross|94/100 brn|[from] item: Leftovers
|-damage|p1a: Metagross|81/100 brn|[from] brn
|upkeep
|turn|19
|
|t:|1728744666
|move|p2a: Alcachofa|Earthquake|p1a: Metagross
|-supereffective|p1a: Metagross
|-damage|p1a: Metagross|0 fnt
|faint|p1a: Metagross
|
|t:|1728744674
|switch|p1a: Tyranitar|Tyranitar, M|100/100
|-damage|p1a: Tyranitar|88/100|[from] Spikes
|
|-weather|Sandstorm|[upkeep]
|upkeep
|turn|20
|
|t:|1728744684
|move|p2a: Alcachofa|Earthquake|p1a: Tyranitar
|-supereffective|p1a: Tyranitar
|-damage|p1a: Tyranitar|5/100
|move|p1a: Tyranitar|Earthquake|p2a: Alcachofa
|-supereffective|p2a: Alcachofa
|-damage|p2a: Alcachofa|0 fnt
|faint|p2a: Alcachofa
|
|t:|1728744705
|switch|p2a: GRAAAAAH|Aerodactyl, M|100/100
|
|-weather|Sandstorm|[upkeep]
|upkeep
|turn|21
|
|t:|1728744714
|move|p2a: GRAAAAAH|Double-Edge|p1a: Tyranitar
|-resisted|p1a: Tyranitar
|-damage|p1a: Tyranitar|0 fnt
|faint|p1a: Tyranitar
|
|t:|1728744724
|switch|p1a: Salamence|Salamence, F|100/100
|-ability|p1a: Salamence|Intimidate|boost
|-unboost|p2a: GRAAAAAH|atk|1
|
|-weather|Sandstorm|[upkeep]
|-damage|p1a: Salamence|94/100|[from] Sandstorm
|-heal|p1a: Salamence|100/100|[from] item: Leftovers
|upkeep
|turn|22
|
|t:|1728744740
|switch|p1a: Snorlax|Snorlax, M|89/100
|-damage|p1a: Snorlax|77/100|[from] Spikes
|move|p2a: GRAAAAAH|Double-Edge|p1a: Snorlax
|-damage|p1a: Snorlax|39/100
|
|-weather|Sandstorm|[upkeep]
|-damage|p1a: Snorlax|33/100|[from] Sandstorm
|-heal|p1a: Snorlax|39/100|[from] item: Leftovers
|upkeep
|turn|23
|
|t:|1728744754
|move|p2a: GRAAAAAH|Double-Edge|p1a: Snorlax
|-crit|p1a: Snorlax
|-damage|p1a: Snorlax|0 fnt
|faint|p1a: Snorlax
|
|t:|1728744757
|switch|p1a: Salamence|Salamence, F|100/100
|-ability|p1a: Salamence|Intimidate|boost
|-unboost|p2a: GRAAAAAH|atk|1
|
|-weather|Sandstorm|[upkeep]
|-damage|p1a: Salamence|94/100|[from] Sandstorm
|-heal|p1a: Salamence|100/100|[from] item: Leftovers
|upkeep
|turn|24
|
|t:|1728744765
|switch|p2a: Meddle|Kingdra, F|100/100
|move|p1a: Salamence|Dragon Claw|p2a: Meddle
|-supereffective|p2a: Meddle
|-damage|p2a: Meddle|13/100
|
|-weather|Sandstorm|[upkeep]
|-damage|p1a: Salamence|94/100|[from] Sandstorm
|-damage|p2a: Meddle|7/100|[from] Sandstorm
|-heal|p1a: Salamence|100/100|[from] item: Leftovers
|-enditem|p2a: Meddle|Petaya Berry|[eat]
|-boost|p2a: Meddle|spa|1|[from] item: Petaya Berry
|upkeep
|turn|25
|
|t:|1728744772
|move|p1a: Salamence|Dragon Claw|p2a: Meddle
|-supereffective|p2a: Meddle
|-damage|p2a: Meddle|0 fnt
|faint|p2a: Meddle
|
|t:|1728744774
|switch|p2a: GRAAAAAH|Aerodactyl, M|100/100
|
|-weather|Sandstorm|[upkeep]
|-damage|p1a: Salamence|94/100|[from] Sandstorm
|-heal|p1a: Salamence|100/100|[from] item: Leftovers
|upkeep
|turn|26
|
|t:|1728744777
|move|p2a: GRAAAAAH|Rock Slide|p1a: Salamence
|-supereffective|p1a: Salamence
|-damage|p1a: Salamence|0 fnt
|faint|p1a: Salamence
|
|win|Ramsus776
|c|☆shadowinger|gg
|player|p1|
|c|☆Ramsus776|gg
|player|p2|
|player|p1|shadowinger|102|

</script>
<script type="application/json" class="data" id="replaydata-smogtours-gen3ou-797442">
{"id":"smogtours-gen3ou-797442","format":"[Gen 3] OU","players":["shadowinger","Ramsus776"],"uploadtime":1728744777,"views":80,"formatid":"gen3ou","rating":null,"private":0,"password":null}
</script>

<script defer src="js/replays.js?9d40a366"></script>
