<!DOCTYPE html>
<meta charset="utf-8" />
<meta name="viewport" content="width=device-width" />

<title>[Gen 3] OU: oopsalldeoxys vs. Kvist - Replays - Pok&eacute;mon Showdown!</title>

<meta name="description" content="Watch a replay of a Pok&eacute;mon battle between oopsalldeoxys and Kvist! Format: [Gen 3] OU; Date: Oct 25, 2024" />
<!--

Hey, you! Looking in the source for the replay log?

You can find them in JSON format, just add `.json` at the end of a replay URL.

https://replay.pokemonshowdown.com/gen7randomdoublesbattle-865046831.json

Or, if you only need the log itself, add `.log` instead:

https://replay.pokemonshowdown.com/gen7randomdoublesbattle-865046831.log

-->

<link rel="stylesheet" href="//pokemonshowdown.com/style/global.css?0.023195364461161105" />
<link rel="stylesheet" href="//play.pokemonshowdown.com/style/font-awesome.css?0.13261647063804238" />
<link rel="stylesheet" href="//play.pokemonshowdown.com/style/battle.css?0.8753245789963631" />
<link rel="stylesheet" href="//play.pokemonshowdown.com/style/utilichart.css?0.8627959624976733" />

<!-- Global site tag (gtag.js) - Google Analytics -->
<script async src="https://www.googletagmanager.com/gtag/js?id=UA-26211653-1"></script>
<script>
  window.dataLayer = window.dataLayer || [];
  function gtag(){dataLayer.push(arguments);}
  gtag('js', new Date());

  gtag('config', 'UA-26211653-1');
</script>
<!-- End Google Analytics -->
<!-- Venatus Ad Manager - Install in <HEAD> of page -->
	<script src="https://hb.vntsm.com/v3/live/ad-manager.min.js" type="text/javascript" data-site-id="642aba63ec9a7b11c3c9c1be" data-mode="scan" async></script>
<!-- / Venatus Ad Manager -->

<style>
	@media (max-width:820px) {
		.battle {
			margin: 0 auto;
		}
		.battle-log {
			margin: 7px auto 0;
			max-width: 640px;
			height: 300px;
			position: static;
		}
	}
	.optgroup {
		display: inline-block;
		line-height: 22px;
		font-size: 10pt;
	}
	.optgroup .button {
		height: 25px;
		padding-top: 0;
		padding-bottom: 0;
	}
	.optgroup button.button {
		padding-left: 12px;
		padding-right: 12px;
	}
	.linklist {
		list-style: none;
		margin: 0.5em 0;
		padding: 0;
	}
	.linklist li {
		padding: 2px 0;
	}
	.sidebar {
		float: left;
		width: 320px;
	}
	.bar-wrapper {
		max-width: 1100px;
		margin: 0 auto;
	}
	.bar-wrapper.has-sidebar {
		max-width: 1430px;
	}
	.mainbar {
		margin: 0;
		padding-right: 1px;
	}
	.mainbar.has-sidebar {
		margin-left: 330px;
	}
	@media (min-width: 1511px) {
		.sidebar {
			width: 400px;
		}
		.bar-wrapper.has-sidebar {
			max-width: 1510px;
		}
		.mainbar.has-sidebar {
			margin-left: 410px;
		}
	}
	.section.first-section {
		margin-top: 9px;
	}
	.blocklink small {
		white-space: normal;
	}
	.button {
		vertical-align: middle;
	}
	.replay-controls {
		padding-top: 10px;
	}
	.replay-controls h1 {
		font-size: 16pt;
		font-weight: normal;
		color: #CCC;
	}
	.pagelink {
		text-align: center;
	}
	.pagelink a {
		width: 150px;
	}
	.textbox, .button {
		font-size: 11pt;
		vertical-align: middle;
	}
	@media (max-width: 450px) {
		.button {
			font-size: 9pt;
		}
	}
</style>

<div>

	<header>
		<div class="nav-wrapper"><ul class="nav">
			<li><a class="button nav-first" href="//pokemonshowdown.com/"><img src="//pokemonshowdown.com/images/pokemonshowdownbeta.png" srcset="//pokemonshowdown.com/images/pokemonshowdownbeta.png 1x, //pokemonshowdown.com/images/pokemonshowdownbeta@2x.png 2x" alt="Pok&eacute;mon Showdown" width="146" height="44" /> Home</a></li>
			<li><a class="button" href="//pokemonshowdown.com/dex/">Pok&eacute;dex</a></li>
			<li><a class="button cur" href="/">Replays</a></li>
			<li><a class="button" href="//pokemonshowdown.com/ladder/">Ladder</a></li>
			<li><a class="button nav-last" href="//pokemonshowdown.com/forums/">Forum</a></li>
			<li><a class="button greenbutton nav-first nav-last" href="//play.pokemonshowdown.com/">Play</a></li>
		</ul></div>
	</header>

	<div class="main" id="main">

		<noscript><section class="section">You need to enable JavaScript to use this page; sorry!</section></noscript>

	</div>

</div>

<script defer nomodule src="//play.pokemonshowdown.com/js/lib/ps-polyfill.js"></script>
<script defer src="//play.pokemonshowdown.com/js/lib/preact.min.js"></script>

<script defer src="//play.pokemonshowdown.com/config/config.js?2bddbc15"></script>
<script defer src="//play.pokemonshowdown.com/js/lib/jquery-1.11.0.min.js"></script>
<script defer src="//play.pokemonshowdown.com/js/lib/html-sanitizer-minified.js"></script>
<script defer src="//play.pokemonshowdown.com/js/battle-sound.js"></script>
<script defer src="//play.pokemonshowdown.com/js/battledata.js?0.7209276989879541"></script>
<script defer src="//play.pokemonshowdown.com/data/pokedex-mini.js?0.6111056340867951"></script>
<script defer src="//play.pokemonshowdown.com/data/pokedex-mini-bw.js?0.3532142036491459"></script>
<script defer src="//play.pokemonshowdown.com/data/graphics.js?0.24223875632456182"></script>
<script defer src="//play.pokemonshowdown.com/data/pokedex.js?0.38839984266356864"></script>
<script defer src="//play.pokemonshowdown.com/data/moves.js?0.21866028504024015"></script>
<script defer src="//play.pokemonshowdown.com/data/abilities.js?0.2005157953846628"></script>
<script defer src="//play.pokemonshowdown.com/data/items.js?0.9894211263848525"></script>
<script defer src="//play.pokemonshowdown.com/data/teambuilder-tables.js?0.6008791140282215"></script>
<script defer src="//play.pokemonshowdown.com/js/battle-tooltips.js?0.7580118955022959"></script>
<script defer src="//play.pokemonshowdown.com/js/battle.js?0.6057722274234274"></script>

<script defer src="js/utils.js?e31f9a17"></script>
<script defer src="js/replays-battle.js?7008c182"></script>

<!-- don't scrape this data! just add .json or .log after the URL!
Full API docs: https://github.com/smogon/pokemon-showdown-client/blob/master/WEB-API.md -->
<script type="text/plain" class="log" id="replaylog-smogtours-gen3ou-801769">
|inactive|Battle timer is ON: inactive players will automatically lose when time's up.
|t:|1729830584
|gametype|singles
|player|p1|oopsalldeoxys|1|
|player|p2|Kvist|2|
|teamsize|p1|6
|teamsize|p2|6
|gen|3
|tier|[Gen 3] OU
|rule|Sleep Clause Mod: Limit one foe put to sleep
|rule|Switch Priority Clause Mod: Faster Pokémon switch first
|rule|Species Clause: Limit one of each Pokémon
|rule|OHKO Clause: OHKO moves are banned
|rule|Evasion Items Clause: Evasion items are banned
|rule|Evasion Moves Clause: Evasion moves are banned
|rule|Endless Battle Clause: Forcing endless battles is banned
|rule|HP Percentage Mod: HP is shown in percentages
|rule|One Boost Passer Clause: Limit one Baton Passer that has a way to boost its stats
|rule|Freeze Clause Mod: Limit one foe frozen
|
|t:|1729830584
|start
|switch|p1a: Johnny On The Spot|Pelipper, F, shiny|100/100
|switch|p2a: Tyranitar|Tyranitar, F|100/100
|-weather|Sandstorm|[from] ability: Sand Stream|[of] p2a: Tyranitar
|turn|1
|c|☆oopsalldeoxys|glhf
|inactive|oopsalldeoxys has 270 seconds left.
|inactive|Kvist has 270 seconds left.
|
|t:|1729830619
|move|p1a: Johnny On The Spot|Hydro Pump|p2a: Tyranitar|[miss]
|-miss|p1a: Johnny On The Spot|p2a: Tyranitar
|move|p2a: Tyranitar|Rock Slide|p1a: Johnny On The Spot
|-supereffective|p1a: Johnny On The Spot
|-damage|p1a: Johnny On The Spot|0 fnt
|faint|p1a: Johnny On The Spot
|c|☆Kvist|you too
|c|☆oopsalldeoxys|pelipper's plight
|
|t:|1729830641
|switch|p1a: Ocean Man|Swampert, F, shiny|100/100
|
|-weather|Sandstorm|[upkeep]
|upkeep
|turn|2
|
|t:|1729830646
|switch|p2a: Celebi|Celebi|100/100
|move|p1a: Ocean Man|Ice Beam|p2a: Celebi
|-supereffective|p2a: Celebi
|-damage|p2a: Celebi|72/100
|
|-weather|Sandstorm|[upkeep]
|-damage|p2a: Celebi|66/100|[from] Sandstorm
|-heal|p2a: Celebi|72/100|[from] item: Leftovers
|upkeep
|turn|3
|
|t:|1729830656
|switch|p1a: The Golden Eel|Meganium, F, shiny|100/100
|move|p2a: Celebi|Giga Drain|p1a: The Golden Eel
|-resisted|p1a: The Golden Eel
|-damage|p1a: The Golden Eel|93/100
|-heal|p2a: Celebi|75/100|[from] drain|[of] p1a: The Golden Eel
|
|-weather|Sandstorm|[upkeep]
|-damage|p2a: Celebi|69/100|[from] Sandstorm
|-damage|p1a: The Golden Eel|87/100|[from] Sandstorm
|-heal|p2a: Celebi|75/100|[from] item: Leftovers
|-heal|p1a: The Golden Eel|93/100|[from] item: Leftovers
|upkeep
|turn|4
|c|☆Kvist|I have never seen Pelipper and had no idea what to do
|
|t:|1729830678
|switch|p2a: Skarmory|Skarmory, M, shiny|100/100
|move|p1a: The Golden Eel|Counter|p2a: Skarmory
|
|-weather|Sandstorm|[upkeep]
|-damage|p1a: The Golden Eel|87/100|[from] Sandstorm
|-heal|p1a: The Golden Eel|93/100|[from] item: Leftovers
|upkeep
|turn|5
|
|t:|1729830683
|move|p2a: Skarmory|Spikes|p1a: The Golden Eel
|-sidestart|p1: oopsalldeoxys|Spikes
|move|p1a: The Golden Eel|Mimic|p2a: Skarmory
|-activate|p1a: The Golden Eel|move: Mimic|Spikes
|
|-weather|Sandstorm|[upkeep]
|-damage|p1a: The Golden Eel|87/100|[from] Sandstorm
|-heal|p1a: The Golden Eel|93/100|[from] item: Leftovers
|upkeep
|turn|6
|
|t:|1729830696
|move|p2a: Skarmory|Taunt|p1a: The Golden Eel
|-start|p1a: The Golden Eel|move: Taunt
|cant|p1a: The Golden Eel|move: Taunt|Spikes
|
|-weather|Sandstorm|[upkeep]
|-damage|p1a: The Golden Eel|87/100|[from] Sandstorm
|-heal|p1a: The Golden Eel|93/100|[from] item: Leftovers
|upkeep
|turn|7
|c|☆oopsalldeoxys|meganiums machinations 
|inactive|oopsalldeoxys has 270 seconds left.
|
|t:|1729830737
|switch|p1a: Buckingham Green|Gardevoir, F, shiny|100/100
|-damage|p1a: Buckingham Green|88/100|[from] Spikes
|move|p2a: Skarmory|Spikes|p1a: Buckingham Green
|-sidestart|p1: oopsalldeoxys|Spikes
|
|-weather|Sandstorm|[upkeep]
|-damage|p1a: Buckingham Green|82/100|[from] Sandstorm
|-heal|p1a: Buckingham Green|88/100|[from] item: Leftovers
|upkeep
|turn|8
|
|t:|1729830746
|move|p1a: Buckingham Green|Thunderbolt|p2a: Skarmory
|-supereffective|p2a: Skarmory
|-damage|p2a: Skarmory|48/100
|move|p2a: Skarmory|Roar|p1a: Buckingham Green
|drag|p1a: Polka Dot Tail|Azumarill, M, shiny|100/100
|-damage|p1a: Polka Dot Tail|84/100|[from] Spikes
|
|-weather|Sandstorm|[upkeep]
|-damage|p1a: Polka Dot Tail|78/100|[from] Sandstorm
|-heal|p2a: Skarmory|54/100|[from] item: Leftovers
|upkeep
|turn|9
|
|t:|1729830753
|-singleturn|p1a: Polka Dot Tail|move: Focus Punch
|move|p2a: Skarmory|Spikes|p1a: Polka Dot Tail
|-sidestart|p1: oopsalldeoxys|Spikes
|move|p1a: Polka Dot Tail|Focus Punch|p2a: Skarmory
|-damage|p2a: Skarmory|0 fnt
|faint|p2a: Skarmory
|
|t:|1729830762
|switch|p2a: Zapdos|Zapdos|100/100
|
|-weather|Sandstorm|[upkeep]
|-damage|p2a: Zapdos|94/100|[from] Sandstorm
|-damage|p1a: Polka Dot Tail|71/100|[from] Sandstorm
|-heal|p2a: Zapdos|100/100|[from] item: Leftovers
|upkeep
|turn|10
|
|t:|1729830767
|switch|p1a: The Golden Eel|Meganium, F, shiny|93/100
|-damage|p1a: The Golden Eel|68/100|[from] Spikes
|move|p2a: Zapdos|Thunderbolt|p1a: The Golden Eel
|-resisted|p1a: The Golden Eel
|-damage|p1a: The Golden Eel|53/100
|
|-weather|Sandstorm|[upkeep]
|-damage|p2a: Zapdos|94/100|[from] Sandstorm
|-damage|p1a: The Golden Eel|47/100|[from] Sandstorm
|-heal|p2a: Zapdos|100/100|[from] item: Leftovers
|-heal|p1a: The Golden Eel|53/100|[from] item: Leftovers
|upkeep
|turn|11
|
|t:|1729830777
|move|p2a: Zapdos|Drill Peck|p1a: The Golden Eel
|-supereffective|p1a: The Golden Eel
|-damage|p1a: The Golden Eel|0 fnt
|faint|p1a: The Golden Eel
|
|t:|1729830782
|switch|p1a: Buckingham Green|Gardevoir, F, shiny|88/100
|-damage|p1a: Buckingham Green|63/100|[from] Spikes
|
|-weather|Sandstorm|[upkeep]
|-damage|p2a: Zapdos|94/100|[from] Sandstorm
|-damage|p1a: Buckingham Green|57/100|[from] Sandstorm
|-heal|p2a: Zapdos|100/100|[from] item: Leftovers
|-heal|p1a: Buckingham Green|63/100|[from] item: Leftovers
|upkeep
|turn|12
|inactive|oopsalldeoxys has 270 seconds left.
|
|t:|1729830821
|move|p2a: Zapdos|Thunderbolt|p1a: Buckingham Green
|-damage|p1a: Buckingham Green|24/100
|-status|p1a: Buckingham Green|par
|-status|p2a: Zapdos|par|[from] ability: Synchronize|[of] p1a: Buckingham Green
|move|p1a: Buckingham Green|Will-O-Wisp||[still]
|-fail|p1a: Buckingham Green
|
|-weather|Sandstorm|[upkeep]
|-damage|p2a: Zapdos|94/100 par|[from] Sandstorm
|-damage|p1a: Buckingham Green|18/100 par|[from] Sandstorm
|-heal|p2a: Zapdos|100/100 par|[from] item: Leftovers
|-heal|p1a: Buckingham Green|24/100 par|[from] item: Leftovers
|upkeep
|turn|13
|inactive|oopsalldeoxys has 270 seconds left.
|
|t:|1729830833
|move|p2a: Zapdos|Thunderbolt|p1a: Buckingham Green
|-damage|p1a: Buckingham Green|0 fnt
|faint|p1a: Buckingham Green
|inactive|oopsalldeoxys has 270 seconds left.
|
|t:|1729830839
|switch|p1a: Polka Dot Tail|Azumarill, M, shiny|71/100
|-damage|p1a: Polka Dot Tail|46/100|[from] Spikes
|
|-weather|Sandstorm|[upkeep]
|-damage|p1a: Polka Dot Tail|40/100|[from] Sandstorm
|-damage|p2a: Zapdos|94/100 par|[from] Sandstorm
|-heal|p2a: Zapdos|100/100 par|[from] item: Leftovers
|upkeep
|turn|14
|
|t:|1729830850
|move|p1a: Polka Dot Tail|Return|p2a: Zapdos
|-damage|p2a: Zapdos|14/100 par
|cant|p2a: Zapdos|par
|
|-weather|Sandstorm|[upkeep]
|-damage|p1a: Polka Dot Tail|34/100|[from] Sandstorm
|-damage|p2a: Zapdos|8/100 par|[from] Sandstorm
|-heal|p2a: Zapdos|14/100 par|[from] item: Leftovers
|upkeep
|turn|15
|
|t:|1729830855
|move|p1a: Polka Dot Tail|Return|p2a: Zapdos
|-damage|p2a: Zapdos|0 fnt
|faint|p2a: Zapdos
|
|t:|1729830859
|switch|p2a: Gengar|Gengar, F, shiny|100/100
|
|-weather|Sandstorm|[upkeep]
|-damage|p2a: Gengar|94/100|[from] Sandstorm
|-damage|p1a: Polka Dot Tail|28/100|[from] Sandstorm
|-heal|p2a: Gengar|100/100|[from] item: Leftovers
|upkeep
|turn|16
|
|t:|1729830864
|move|p2a: Gengar|Thunderbolt|p1a: Polka Dot Tail
|-supereffective|p1a: Polka Dot Tail
|-damage|p1a: Polka Dot Tail|0 fnt
|faint|p1a: Polka Dot Tail
|
|t:|1729830866
|switch|p1a: Pink Eye|Golduck, M, shiny|100/100
|-damage|p1a: Pink Eye|76/100|[from] Spikes
|
|-weather|Sandstorm|[upkeep]
|-damage|p2a: Gengar|94/100|[from] Sandstorm
|-damage|p1a: Pink Eye|70/100|[from] Sandstorm
|-heal|p2a: Gengar|100/100|[from] item: Leftovers
|-heal|p1a: Pink Eye|76/100|[from] item: Leftovers
|upkeep
|turn|17
|
|t:|1729830873
|move|p2a: Gengar|Thunderbolt|p1a: Pink Eye
|-supereffective|p1a: Pink Eye
|-damage|p1a: Pink Eye|0 fnt
|faint|p1a: Pink Eye
|
|t:|1729830875
|switch|p1a: Ocean Man|Swampert, F, shiny|100/100
|-damage|p1a: Ocean Man|76/100|[from] Spikes
|
|-weather|Sandstorm|[upkeep]
|-damage|p2a: Gengar|94/100|[from] Sandstorm
|-heal|p2a: Gengar|100/100|[from] item: Leftovers
|-heal|p1a: Ocean Man|82/100|[from] item: Leftovers
|upkeep
|turn|18
|c|☆oopsalldeoxys|gg lol
|
|t:|1729830880
|move|p2a: Gengar|Explosion|p1a: Ocean Man
|-damage|p1a: Ocean Man|36/100
|faint|p2a: Gengar
|
|t:|1729830883
|switch|p2a: Celebi|Celebi|75/100
|
|-weather|Sandstorm|[upkeep]
|-damage|p2a: Celebi|69/100|[from] Sandstorm
|-heal|p2a: Celebi|75/100|[from] item: Leftovers
|-heal|p1a: Ocean Man|42/100|[from] item: Leftovers
|upkeep
|turn|19
|
|t:|1729830885
|move|p2a: Celebi|Giga Drain|p1a: Ocean Man
|-supereffective|p1a: Ocean Man
|-damage|p1a: Ocean Man|0 fnt
|-heal|p2a: Celebi|96/100|[from] drain|[of] p1a: Ocean Man
|faint|p1a: Ocean Man
|
|win|Kvist
|c|☆Kvist|gg
|c|☆Kvist|very interesting team lol
|c|☆oopsalldeoxys|i told celdanami id bring it

</script>
<script type="application/json" class="data" id="replaydata-smogtours-gen3ou-801769">
{"id":"smogtours-gen3ou-801769","format":"[Gen 3] OU","players":["oopsalldeoxys","Kvist"],"uploadtime":1729830885,"views":97,"formatid":"gen3ou","rating":null,"private":0,"password":null}
</script>

<script defer src="js/replays.js?9d40a366"></script>
