<!DOCTYPE html>
<meta charset="utf-8" />
<meta name="viewport" content="width=device-width" />

<title>[Gen 3] OU: bigmamasnorlax vs. Kenava - Replays - Pok&eacute;mon Showdown!</title>

<meta name="description" content="Watch a replay of a Pok&eacute;mon battle between bigmamasnorlax and Kenava! Format: [Gen 3] OU; Date: Oct 25, 2024" />
<!--

Hey, you! Looking in the source for the replay log?

You can find them in JSON format, just add `.json` at the end of a replay URL.

https://replay.pokemonshowdown.com/gen7randomdoublesbattle-865046831.json

Or, if you only need the log itself, add `.log` instead:

https://replay.pokemonshowdown.com/gen7randomdoublesbattle-865046831.log

-->

<link rel="stylesheet" href="//pokemonshowdown.com/style/global.css?0.023195364461161105" />
<link rel="stylesheet" href="//play.pokemonshowdown.com/style/font-awesome.css?0.13261647063804238" />
<link rel="stylesheet" href="//play.pokemonshowdown.com/style/battle.css?0.8753245789963631" />
<link rel="stylesheet" href="//play.pokemonshowdown.com/style/utilichart.css?0.8627959624976733" />

<!-- Global site tag (gtag.js) - Google Analytics -->
<script async src="https://www.googletagmanager.com/gtag/js?id=UA-26211653-1"></script>
<script>
  window.dataLayer = window.dataLayer || [];
  function gtag(){dataLayer.push(arguments);}
  gtag('js', new Date());

  gtag('config', 'UA-26211653-1');
</script>
<!-- End Google Analytics -->
<!-- Venatus Ad Manager - Install in <HEAD> of page -->
	<script src="https://hb.vntsm.com/v3/live/ad-manager.min.js" type="text/javascript" data-site-id="642aba63ec9a7b11c3c9c1be" data-mode="scan" async></script>
<!-- / Venatus Ad Manager -->

<style>
	@media (max-width:820px) {
		.battle {
			margin: 0 auto;
		}
		.battle-log {
			margin: 7px auto 0;
			max-width: 640px;
			height: 300px;
			position: static;
		}
	}
	.optgroup {
		display: inline-block;
		line-height: 22px;
		font-size: 10pt;
	}
	.optgroup .button {
		height: 25px;
		padding-top: 0;
		padding-bottom: 0;
	}
	.optgroup button.button {
		padding-left: 12px;
		padding-right: 12px;
	}
	.linklist {
		list-style: none;
		margin: 0.5em 0;
		padding: 0;
	}
	.linklist li {
		padding: 2px 0;
	}
	.sidebar {
		float: left;
		width: 320px;
	}
	.bar-wrapper {
		max-width: 1100px;
		margin: 0 auto;
	}
	.bar-wrapper.has-sidebar {
		max-width: 1430px;
	}
	.mainbar {
		margin: 0;
		padding-right: 1px;
	}
	.mainbar.has-sidebar {
		margin-left: 330px;
	}
	@media (min-width: 1511px) {
		.sidebar {
			width: 400px;
		}
		.bar-wrapper.has-sidebar {
			max-width: 1510px;
		}
		.mainbar.has-sidebar {
			margin-left: 410px;
		}
	}
	.section.first-section {
		margin-top: 9px;
	}
	.blocklink small {
		white-space: normal;
	}
	.button {
		vertical-align: middle;
	}
	.replay-controls {
		padding-top: 10px;
	}
	.replay-controls h1 {
		font-size: 16pt;
		font-weight: normal;
		color: #CCC;
	}
	.pagelink {
		text-align: center;
	}
	.pagelink a {
		width: 150px;
	}
	.textbox, .button {
		font-size: 11pt;
		vertical-align: middle;
	}
	@media (max-width: 450px) {
		.button {
			font-size: 9pt;
		}
	}
</style>

<div>

	<header>
		<div class="nav-wrapper"><ul class="nav">
			<li><a class="button nav-first" href="//pokemonshowdown.com/"><img src="//pokemonshowdown.com/images/pokemonshowdownbeta.png" srcset="//pokemonshowdown.com/images/pokemonshowdownbeta.png 1x, //pokemonshowdown.com/images/pokemonshowdownbeta@2x.png 2x" alt="Pok&eacute;mon Showdown" width="146" height="44" /> Home</a></li>
			<li><a class="button" href="//pokemonshowdown.com/dex/">Pok&eacute;dex</a></li>
			<li><a class="button cur" href="/">Replays</a></li>
			<li><a class="button" href="//pokemonshowdown.com/ladder/">Ladder</a></li>
			<li><a class="button nav-last" href="//pokemonshowdown.com/forums/">Forum</a></li>
			<li><a class="button greenbutton nav-first nav-last" href="//play.pokemonshowdown.com/">Play</a></li>
		</ul></div>
	</header>

	<div class="main" id="main">

		<noscript><section class="section">You need to enable JavaScript to use this page; sorry!</section></noscript>

	</div>

</div>

<script defer nomodule src="//play.pokemonshowdown.com/js/lib/ps-polyfill.js"></script>
<script defer src="//play.pokemonshowdown.com/js/lib/preact.min.js"></script>

<script defer src="//play.pokemonshowdown.com/config/config.js?2bddbc15"></script>
<script defer src="//play.pokemonshowdown.com/js/lib/jquery-1.11.0.min.js"></script>
<script defer src="//play.pokemonshowdown.com/js/lib/html-sanitizer-minified.js"></script>
<script defer src="//play.pokemonshowdown.com/js/battle-sound.js"></script>
<script defer src="//play.pokemonshowdown.com/js/battledata.js?0.7209276989879541"></script>
<script defer src="//play.pokemonshowdown.com/data/pokedex-mini.js?0.6111056340867951"></script>
<script defer src="//play.pokemonshowdown.com/data/pokedex-mini-bw.js?0.3532142036491459"></script>
<script defer src="//play.pokemonshowdown.com/data/graphics.js?0.24223875632456182"></script>
<script defer src="//play.pokemonshowdown.com/data/pokedex.js?0.38839984266356864"></script>
<script defer src="//play.pokemonshowdown.com/data/moves.js?0.21866028504024015"></script>
<script defer src="//play.pokemonshowdown.com/data/abilities.js?0.2005157953846628"></script>
<script defer src="//play.pokemonshowdown.com/data/items.js?0.9894211263848525"></script>
<script defer src="//play.pokemonshowdown.com/data/teambuilder-tables.js?0.6008791140282215"></script>
<script defer src="//play.pokemonshowdown.com/js/battle-tooltips.js?0.7580118955022959"></script>
<script defer src="//play.pokemonshowdown.com/js/battle.js?0.6057722274234274"></script>

<script defer src="js/utils.js?e31f9a17"></script>
<script defer src="js/replays-battle.js?7008c182"></script>

<!-- don't scrape this data! just add .json or .log after the URL!
Full API docs: https://github.com/smogon/pokemon-showdown-client/blob/master/WEB-API.md -->
<script type="text/plain" class="log" id="replaylog-smogtours-gen3ou-801910">
|inactive|Battle timer is ON: inactive players will automatically lose when time's up.
|t:|1729887393
|gametype|singles
|player|p1|bigmamasnorlax|266|
|player|p2|Kenava|101|
|teamsize|p1|6
|teamsize|p2|6
|gen|3
|tier|[Gen 3] OU
|rule|Sleep Clause Mod: Limit one foe put to sleep
|rule|Switch Priority Clause Mod: Faster Pokémon switch first
|rule|Species Clause: Limit one of each Pokémon
|rule|OHKO Clause: OHKO moves are banned
|rule|Evasion Items Clause: Evasion items are banned
|rule|Evasion Moves Clause: Evasion moves are banned
|rule|Endless Battle Clause: Forcing endless battles is banned
|rule|HP Percentage Mod: HP is shown in percentages
|rule|One Boost Passer Clause: Limit one Baton Passer that has a way to boost its stats
|rule|Freeze Clause Mod: Limit one foe frozen
|
|t:|1729887393
|start
|switch|p1a: Suicune|Suicune|100/100
|switch|p2a: Salamence|Salamence, M|100/100
|-ability|p2a: Salamence|Intimidate|boost
|-unboost|p1a: Suicune|atk|1
|turn|1
|inactive|Kenava also wants the timer to be on.
|c|☆Kenava|glhf
|c|☆bigmamasnorlax|u2 
|inactive|Kenava has 270 seconds left.
|
|t:|1729887442
|switch|p2a: Metagross|Metagross|100/100
|move|p1a: Suicune|Calm Mind|p1a: Suicune
|-boost|p1a: Suicune|spa|1
|-boost|p1a: Suicune|spd|1
|
|upkeep
|turn|2
|
|t:|1729887450
|move|p1a: Suicune|Hydro Pump|p2a: Metagross
|-damage|p2a: Metagross|21/100
|move|p2a: Metagross|Explosion|p1a: Suicune
|-damage|p1a: Suicune|0 fnt
|faint|p2a: Metagross
|faint|p1a: Suicune
|
|t:|1729887459
|switch|p1a: Metagross|Metagross|100/100
|switch|p2a: Salamence|Salamence, M|100/100
|-ability|p2a: Salamence|Intimidate|boost
|-fail|p1a: Metagross|unboost|[from] ability: Clear Body|[of] p1a: Metagross
|
|upkeep
|turn|3
|
|t:|1729887471
|move|p2a: Salamence|Earthquake|p1a: Metagross
|-supereffective|p1a: Metagross
|-damage|p1a: Metagross|0 fnt
|faint|p1a: Metagross
|
|t:|1729887475
|switch|p1a: Salamence|Salamence, M|100/100
|-ability|p1a: Salamence|Intimidate|boost
|-unboost|p2a: Salamence|atk|1
|
|upkeep
|turn|4
|
|t:|1729887493
|switch|p2a: Magneton|Magneton|100/100
|move|p1a: Salamence|Fire Blast|p2a: Magneton
|-supereffective|p2a: Magneton
|-damage|p2a: Magneton|0 fnt
|faint|p2a: Magneton
|
|t:|1729887498
|switch|p2a: Claydol|Claydol|100/100
|
|upkeep
|turn|5
|
|t:|1729887505
|switch|p1a: Snorlax|Snorlax, M|100/100
|move|p2a: Claydol|Ice Beam|p1a: Snorlax
|-damage|p1a: Snorlax|91/100
|
|-heal|p1a: Snorlax|97/100|[from] item: Leftovers
|upkeep
|turn|6
|
|t:|1729887510
|switch|p2a: Celebi|Celebi|100/100
|move|p1a: Snorlax|Body Slam|p2a: Celebi
|-damage|p2a: Celebi|71/100
|
|-heal|p2a: Celebi|77/100|[from] item: Leftovers
|-heal|p1a: Snorlax|100/100|[from] item: Leftovers
|upkeep
|turn|7
|inactive|Kenava has 270 seconds left.
|
|t:|1729887556
|switch|p2a: Claydol|Claydol|100/100
|move|p1a: Snorlax|Shadow Ball|p2a: Claydol
|-supereffective|p2a: Claydol
|-damage|p2a: Claydol|44/100
|-unboost|p2a: Claydol|spd|1
|
|-heal|p2a: Claydol|50/100|[from] item: Leftovers
|upkeep
|turn|8
|
|t:|1729887566
|move|p2a: Claydol|Explosion|p1a: Snorlax
|-damage|p1a: Snorlax|0 fnt
|faint|p2a: Claydol
|faint|p1a: Snorlax
|inactive|Kenava has 270 seconds left.
|
|t:|1729887586
|switch|p2a: Celebi|Celebi|77/100
|switch|p1a: Salamence|Salamence, M|100/100
|-ability|p1a: Salamence|Intimidate|boost
|-unboost|p2a: Celebi|atk|1
|
|-heal|p2a: Celebi|83/100|[from] item: Leftovers
|upkeep
|turn|9
|
|t:|1729887599
|move|p1a: Salamence|Fire Blast|p2a: Celebi
|-supereffective|p2a: Celebi
|-damage|p2a: Celebi|23/100
|move|p2a: Celebi|Leech Seed|p1a: Salamence
|-start|p1a: Salamence|move: Leech Seed
|
|-damage|p1a: Salamence|88/100|[from] Leech Seed|[of] p2a: Celebi
|-heal|p2a: Celebi|33/100|[silent]
|-heal|p2a: Celebi|40/100|[from] item: Leftovers
|upkeep
|turn|10
|
|t:|1729887605
|switch|p2a: Gyarados|Gyarados, F|100/100
|-ability|p2a: Gyarados|Intimidate|boost
|-unboost|p1a: Salamence|atk|1
|move|p1a: Salamence|Dragon Claw|p2a: Gyarados
|-damage|p2a: Gyarados|58/100
|
|-heal|p1a: Salamence|94/100|[from] item: Leftovers
|-damage|p1a: Salamence|82/100|[from] Leech Seed|[of] p2a: Gyarados
|-heal|p2a: Gyarados|70/100|[silent]
|-heal|p2a: Gyarados|76/100|[from] item: Leftovers
|upkeep
|turn|11
|
|t:|1729887611
|switch|p1a: Magneton|Magneton|100/100
|move|p2a: Gyarados|Dragon Dance|p2a: Gyarados
|-boost|p2a: Gyarados|atk|1
|-boost|p2a: Gyarados|spe|1
|
|-heal|p2a: Gyarados|82/100|[from] item: Leftovers
|upkeep
|turn|12
|
|t:|1729887618
|switch|p1a: Salamence|Salamence, M|82/100
|-ability|p1a: Salamence|Intimidate|boost
|-unboost|p2a: Gyarados|atk|1
|move|p2a: Gyarados|Earthquake|p1a: Salamence
|-immune|p1a: Salamence
|
|-heal|p2a: Gyarados|88/100|[from] item: Leftovers
|-heal|p1a: Salamence|88/100|[from] item: Leftovers
|upkeep
|turn|13
|
|t:|1729887626
|move|p2a: Gyarados|Dragon Dance|p2a: Gyarados
|-boost|p2a: Gyarados|atk|1
|-boost|p2a: Gyarados|spe|1
|move|p1a: Salamence|Dragon Claw|p2a: Gyarados
|-damage|p2a: Gyarados|50/100
|
|-heal|p2a: Gyarados|56/100|[from] item: Leftovers
|-heal|p1a: Salamence|94/100|[from] item: Leftovers
|upkeep
|turn|14
|
|t:|1729887645
|switch|p1a: Magneton|Magneton|100/100
|move|p2a: Gyarados|Hidden Power|p1a: Magneton
|-resisted|p1a: Magneton
|-damage|p1a: Magneton|79/100
|
|-heal|p2a: Gyarados|62/100|[from] item: Leftovers
|upkeep
|turn|15
|
|t:|1729887650
|move|p2a: Gyarados|Earthquake|p1a: Magneton
|-supereffective|p1a: Magneton
|-damage|p1a: Magneton|0 fnt
|faint|p1a: Magneton
|
|t:|1729887652
|switch|p1a: Salamence|Salamence, M|94/100
|-ability|p1a: Salamence|Intimidate|boost
|-unboost|p2a: Gyarados|atk|1
|
|-heal|p2a: Gyarados|68/100|[from] item: Leftovers
|-heal|p1a: Salamence|99/100|[from] item: Leftovers
|upkeep
|turn|16
|
|t:|1729887672
|move|p2a: Gyarados|Double-Edge|p1a: Salamence
|-crit|p1a: Salamence
|-damage|p1a: Salamence|0 fnt
|-damage|p2a: Gyarados|37/100|[from] Recoil|[of] p1a: Salamence
|faint|p1a: Salamence
|
|t:|1729887676
|switch|p1a: Heracross|Heracross, F|100/100
|
|-heal|p2a: Gyarados|43/100|[from] item: Leftovers
|upkeep
|turn|17
|
|t:|1729887680
|move|p2a: Gyarados|Hidden Power|p1a: Heracross
|-supereffective|p1a: Heracross
|-damage|p1a: Heracross|0 fnt
|faint|p1a: Heracross
|
|win|Kenava
|c|☆Kenava|gg
|c|☆bigmamasnorlax|gg

</script>
<script type="application/json" class="data" id="replaydata-smogtours-gen3ou-801910">
{"id":"smogtours-gen3ou-801910","format":"[Gen 3] OU","players":["bigmamasnorlax","Kenava"],"uploadtime":1729887680,"views":76,"formatid":"gen3ou","rating":null,"private":0,"password":null}
</script>

<script defer src="js/replays.js?9d40a366"></script>
