<!DOCTYPE html>
<meta charset="utf-8" />
<meta name="viewport" content="width=device-width" />

<title>[Gen 3] OU: A Plague Doc vs. Stuckkkk - Replays - Pok&eacute;mon Showdown!</title>

<meta name="description" content="Watch a replay of a Pok&eacute;mon battle between A Plague Doc and Stuckkkk! Format: [Gen 3] OU; Date: Oct 3, 2024" />
<!--

Hey, you! Looking in the source for the replay log?

You can find them in JSON format, just add `.json` at the end of a replay URL.

https://replay.pokemonshowdown.com/gen7randomdoublesbattle-865046831.json

Or, if you only need the log itself, add `.log` instead:

https://replay.pokemonshowdown.com/gen7randomdoublesbattle-865046831.log

-->

<link rel="stylesheet" href="//pokemonshowdown.com/style/global.css?0.023195364461161105" />
<link rel="stylesheet" href="//play.pokemonshowdown.com/style/font-awesome.css?0.13261647063804238" />
<link rel="stylesheet" href="//play.pokemonshowdown.com/style/battle.css?0.8753245789963631" />
<link rel="stylesheet" href="//play.pokemonshowdown.com/style/utilichart.css?0.8627959624976733" />

<!-- Global site tag (gtag.js) - Google Analytics -->
<script async src="https://www.googletagmanager.com/gtag/js?id=UA-26211653-1"></script>
<script>
  window.dataLayer = window.dataLayer || [];
  function gtag(){dataLayer.push(arguments);}
  gtag('js', new Date());

  gtag('config', 'UA-26211653-1');
</script>
<!-- End Google Analytics -->
<!-- Venatus Ad Manager - Install in <HEAD> of page -->
	<script src="https://hb.vntsm.com/v3/live/ad-manager.min.js" type="text/javascript" data-site-id="642aba63ec9a7b11c3c9c1be" data-mode="scan" async></script>
<!-- / Venatus Ad Manager -->

<style>
	@media (max-width:820px) {
		.battle {
			margin: 0 auto;
		}
		.battle-log {
			margin: 7px auto 0;
			max-width: 640px;
			height: 300px;
			position: static;
		}
	}
	.optgroup {
		display: inline-block;
		line-height: 22px;
		font-size: 10pt;
	}
	.optgroup .button {
		height: 25px;
		padding-top: 0;
		padding-bottom: 0;
	}
	.optgroup button.button {
		padding-left: 12px;
		padding-right: 12px;
	}
	.linklist {
		list-style: none;
		margin: 0.5em 0;
		padding: 0;
	}
	.linklist li {
		padding: 2px 0;
	}
	.sidebar {
		float: left;
		width: 320px;
	}
	.bar-wrapper {
		max-width: 1100px;
		margin: 0 auto;
	}
	.bar-wrapper.has-sidebar {
		max-width: 1430px;
	}
	.mainbar {
		margin: 0;
		padding-right: 1px;
	}
	.mainbar.has-sidebar {
		margin-left: 330px;
	}
	@media (min-width: 1511px) {
		.sidebar {
			width: 400px;
		}
		.bar-wrapper.has-sidebar {
			max-width: 1510px;
		}
		.mainbar.has-sidebar {
			margin-left: 410px;
		}
	}
	.section.first-section {
		margin-top: 9px;
	}
	.blocklink small {
		white-space: normal;
	}
	.button {
		vertical-align: middle;
	}
	.replay-controls {
		padding-top: 10px;
	}
	.replay-controls h1 {
		font-size: 16pt;
		font-weight: normal;
		color: #CCC;
	}
	.pagelink {
		text-align: center;
	}
	.pagelink a {
		width: 150px;
	}
	.textbox, .button {
		font-size: 11pt;
		vertical-align: middle;
	}
	@media (max-width: 450px) {
		.button {
			font-size: 9pt;
		}
	}
</style>

<div>

	<header>
		<div class="nav-wrapper"><ul class="nav">
			<li><a class="button nav-first" href="//pokemonshowdown.com/"><img src="//pokemonshowdown.com/images/pokemonshowdownbeta.png" srcset="//pokemonshowdown.com/images/pokemonshowdownbeta.png 1x, //pokemonshowdown.com/images/pokemonshowdownbeta@2x.png 2x" alt="Pok&eacute;mon Showdown" width="146" height="44" /> Home</a></li>
			<li><a class="button" href="//pokemonshowdown.com/dex/">Pok&eacute;dex</a></li>
			<li><a class="button cur" href="/">Replays</a></li>
			<li><a class="button" href="//pokemonshowdown.com/ladder/">Ladder</a></li>
			<li><a class="button nav-last" href="//pokemonshowdown.com/forums/">Forum</a></li>
			<li><a class="button greenbutton nav-first nav-last" href="//play.pokemonshowdown.com/">Play</a></li>
		</ul></div>
	</header>

	<div class="main" id="main">

		<noscript><section class="section">You need to enable JavaScript to use this page; sorry!</section></noscript>

	</div>

</div>

<script defer nomodule src="//play.pokemonshowdown.com/js/lib/ps-polyfill.js"></script>
<script defer src="//play.pokemonshowdown.com/js/lib/preact.min.js"></script>

<script defer src="//play.pokemonshowdown.com/config/config.js?2bddbc15"></script>
<script defer src="//play.pokemonshowdown.com/js/lib/jquery-1.11.0.min.js"></script>
<script defer src="//play.pokemonshowdown.com/js/lib/html-sanitizer-minified.js"></script>
<script defer src="//play.pokemonshowdown.com/js/battle-sound.js"></script>
<script defer src="//play.pokemonshowdown.com/js/battledata.js?0.7209276989879541"></script>
<script defer src="//play.pokemonshowdown.com/data/pokedex-mini.js?0.6111056340867951"></script>
<script defer src="//play.pokemonshowdown.com/data/pokedex-mini-bw.js?0.3532142036491459"></script>
<script defer src="//play.pokemonshowdown.com/data/graphics.js?0.24223875632456182"></script>
<script defer src="//play.pokemonshowdown.com/data/pokedex.js?0.38839984266356864"></script>
<script defer src="//play.pokemonshowdown.com/data/moves.js?0.21866028504024015"></script>
<script defer src="//play.pokemonshowdown.com/data/abilities.js?0.2005157953846628"></script>
<script defer src="//play.pokemonshowdown.com/data/items.js?0.9894211263848525"></script>
<script defer src="//play.pokemonshowdown.com/data/teambuilder-tables.js?0.6008791140282215"></script>
<script defer src="//play.pokemonshowdown.com/js/battle-tooltips.js?0.7580118955022959"></script>
<script defer src="//play.pokemonshowdown.com/js/battle.js?0.6057722274234274"></script>

<script defer src="js/utils.js?e31f9a17"></script>
<script defer src="js/replays-battle.js?7008c182"></script>

<!-- don't scrape this data! just add .json or .log after the URL!
Full API docs: https://github.com/smogon/pokemon-showdown-client/blob/master/WEB-API.md -->
<script type="text/plain" class="log" id="replaylog-gen3ou-2215381114-2j86trcqgpim2oot2gwrf68kfffq156pw">
|j|☆A Plague Doc
|j|☆Stuckkkk
|t:|1727994901
|gametype|singles
|player|p1|A Plague Doc|#scl4shoguns2|
|player|p2|Stuckkkk|swimmer|
|teamsize|p1|6
|teamsize|p2|6
|gen|3
|tier|[Gen 3] OU
|rule|Sleep Clause Mod: Limit one foe put to sleep
|rule|Switch Priority Clause Mod: Faster Pokémon switch first
|rule|Species Clause: Limit one of each Pokémon
|rule|OHKO Clause: OHKO moves are banned
|rule|Evasion Items Clause: Evasion items are banned
|rule|Evasion Moves Clause: Evasion moves are banned
|rule|Endless Battle Clause: Forcing endless battles is banned
|rule|HP Percentage Mod: HP is shown in percentages
|rule|One Boost Passer Clause: Limit one Baton Passer that has a way to boost its stats
|rule|Freeze Clause Mod: Limit one foe frozen
|
|t:|1727994901
|start
|switch|p1a: Tyranitar|Tyranitar, F|100/100
|switch|p2a: Rejoice|Metagross|100/100
|-weather|Sandstorm|[from] ability: Sand Stream|[of] p1a: Tyranitar
|turn|1
|c|☆A Plague Doc|Hf
|c|☆Stuckkkk|you too
|
|t:|1727994919
|switch|p1a: Skarmory|Skarmory, M|100/100
|move|p2a: Rejoice|Explosion|p1a: Skarmory
|-resisted|p1a: Skarmory
|-damage|p1a: Skarmory|0 fnt
|faint|p2a: Rejoice
|faint|p1a: Skarmory
|
|t:|1727994943
|switch|p1a: Tyranitar|Tyranitar, F|100/100
|switch|p2a: Brave as a Noun|Snorlax, F|100/100
|
|-weather|Sandstorm|[upkeep]
|-damage|p2a: Brave as a Noun|94/100|[from] Sandstorm
|-heal|p2a: Brave as a Noun|100/100|[from] item: Leftovers
|upkeep
|turn|2
|
|t:|1727994953
|move|p1a: Tyranitar|Dragon Dance|p1a: Tyranitar
|-boost|p1a: Tyranitar|atk|1
|-boost|p1a: Tyranitar|spe|1
|move|p2a: Brave as a Noun|Curse|p2a: Brave as a Noun
|-unboost|p2a: Brave as a Noun|spe|1
|-boost|p2a: Brave as a Noun|atk|1
|-boost|p2a: Brave as a Noun|def|1
|
|-weather|Sandstorm|[upkeep]
|-damage|p2a: Brave as a Noun|94/100|[from] Sandstorm
|-heal|p2a: Brave as a Noun|100/100|[from] item: Leftovers
|upkeep
|turn|3
|
|t:|1727994963
|move|p1a: Tyranitar|Rock Slide|p2a: Brave as a Noun
|-damage|p2a: Brave as a Noun|66/100
|move|p2a: Brave as a Noun|Self-Destruct|p1a: Tyranitar
|-resisted|p1a: Tyranitar
|-damage|p1a: Tyranitar|0 fnt
|faint|p2a: Brave as a Noun
|faint|p1a: Tyranitar
|
|t:|1727995001
|switch|p1a: Celebi|Celebi|100/100
|switch|p2a: Celebi|Celebi|100/100
|
|-weather|Sandstorm|[upkeep]
|-damage|p2a: Celebi|94/100|[from] Sandstorm
|-damage|p1a: Celebi|94/100|[from] Sandstorm
|-heal|p2a: Celebi|100/100|[from] item: Leftovers
|-heal|p1a: Celebi|100/100|[from] item: Leftovers
|upkeep
|turn|4
|
|t:|1727995007
|move|p2a: Celebi|Calm Mind|p2a: Celebi
|-boost|p2a: Celebi|spa|1
|-boost|p2a: Celebi|spd|1
|move|p1a: Celebi|Hidden Power|p2a: Celebi
|-supereffective|p2a: Celebi
|-damage|p2a: Celebi|77/100
|
|-weather|Sandstorm|[upkeep]
|-damage|p2a: Celebi|70/100|[from] Sandstorm
|-damage|p1a: Celebi|94/100|[from] Sandstorm
|-heal|p2a: Celebi|77/100|[from] item: Leftovers
|-heal|p1a: Celebi|100/100|[from] item: Leftovers
|upkeep
|turn|5
|
|t:|1727995014
|move|p2a: Celebi|Hidden Power|p1a: Celebi
|-supereffective|p1a: Celebi
|-damage|p1a: Celebi|44/100
|move|p1a: Celebi|Hidden Power|p2a: Celebi
|-supereffective|p2a: Celebi
|-damage|p2a: Celebi|52/100
|
|-weather|Sandstorm|[upkeep]
|-damage|p2a: Celebi|45/100|[from] Sandstorm
|-damage|p1a: Celebi|38/100|[from] Sandstorm
|-heal|p2a: Celebi|52/100|[from] item: Leftovers
|-heal|p1a: Celebi|44/100|[from] item: Leftovers
|upkeep
|turn|6
|
|t:|1727995032
|switch|p1a: Aerodactyl|Aerodactyl, M|100/100
|move|p2a: Celebi|Calm Mind|p2a: Celebi
|-boost|p2a: Celebi|spa|1
|-boost|p2a: Celebi|spd|1
|
|-weather|Sandstorm|[upkeep]
|-damage|p2a: Celebi|45/100|[from] Sandstorm
|-heal|p2a: Celebi|52/100|[from] item: Leftovers
|upkeep
|turn|7
|
|t:|1727995071
|switch|p2a: Bad Bad Things|Weezing, F|100/100
|move|p1a: Aerodactyl|Hidden Power|p2a: Bad Bad Things
|-resisted|p2a: Bad Bad Things
|-damage|p2a: Bad Bad Things|87/100
|
|-weather|Sandstorm|[upkeep]
|-damage|p2a: Bad Bad Things|81/100|[from] Sandstorm
|-heal|p2a: Bad Bad Things|87/100|[from] item: Leftovers
|upkeep
|turn|8
|
|t:|1727995100
|switch|p1a: Celebi|Celebi|44/100
|move|p2a: Bad Bad Things|Will-O-Wisp|p1a: Celebi|[miss]
|-miss|p2a: Bad Bad Things|p1a: Celebi
|
|-weather|Sandstorm|[upkeep]
|-damage|p1a: Celebi|38/100|[from] Sandstorm
|-damage|p2a: Bad Bad Things|81/100|[from] Sandstorm
|-heal|p1a: Celebi|44/100|[from] item: Leftovers
|-heal|p2a: Bad Bad Things|87/100|[from] item: Leftovers
|upkeep
|turn|9
|
|t:|1727995130
|switch|p2a: Survival Song|Claydol|100/100
|move|p1a: Celebi|Psychic|p2a: Survival Song
|-resisted|p2a: Survival Song
|-crit|p2a: Survival Song
|-damage|p2a: Survival Song|64/100
|
|-weather|Sandstorm|[upkeep]
|-damage|p1a: Celebi|38/100|[from] Sandstorm
|-heal|p1a: Celebi|44/100|[from] item: Leftovers
|-heal|p2a: Survival Song|70/100|[from] item: Leftovers
|upkeep
|turn|10
|
|t:|1727995140
|move|p1a: Celebi|Giga Drain|p2a: Survival Song
|-supereffective|p2a: Survival Song
|-damage|p2a: Survival Song|26/100
|-heal|p1a: Celebi|62/100|[from] drain|[of] p2a: Survival Song
|move|p2a: Survival Song|Explosion|p1a: Celebi
|-damage|p1a: Celebi|0 fnt
|faint|p2a: Survival Song
|faint|p1a: Celebi
|
|t:|1727995156
|switch|p1a: Jirachi|Jirachi|100/100
|switch|p2a: Bad Bad Things|Weezing, F|87/100
|
|-weather|Sandstorm|[upkeep]
|-damage|p2a: Bad Bad Things|81/100|[from] Sandstorm
|-heal|p2a: Bad Bad Things|87/100|[from] item: Leftovers
|upkeep
|turn|11
|
|t:|1727995172
|switch|p2a: Celebi|Celebi|52/100
|move|p1a: Jirachi|Calm Mind|p1a: Jirachi
|-boost|p1a: Jirachi|spa|1
|-boost|p1a: Jirachi|spd|1
|
|-weather|Sandstorm|[upkeep]
|-damage|p2a: Celebi|45/100|[from] Sandstorm
|-heal|p2a: Celebi|52/100|[from] item: Leftovers
|upkeep
|turn|12
|
|t:|1727995186
|move|p2a: Celebi|Calm Mind|p2a: Celebi
|-boost|p2a: Celebi|spa|1
|-boost|p2a: Celebi|spd|1
|move|p1a: Jirachi|Fire Punch|p2a: Celebi
|-supereffective|p2a: Celebi
|-damage|p2a: Celebi|11/100
|
|-weather|Sandstorm|[upkeep]
|-damage|p2a: Celebi|5/100|[from] Sandstorm
|-heal|p2a: Celebi|11/100|[from] item: Leftovers
|upkeep
|turn|13
|
|t:|1727995195
|move|p2a: Celebi|Hidden Power|p1a: Jirachi
|-supereffective|p1a: Jirachi
|-damage|p1a: Jirachi|65/100
|move|p1a: Jirachi|Fire Punch|p2a: Celebi
|-supereffective|p2a: Celebi
|-damage|p2a: Celebi|0 fnt
|faint|p2a: Celebi
|
|t:|1727995207
|switch|p2a: No More Tears|Suicune|100/100
|
|-weather|Sandstorm|[upkeep]
|-damage|p2a: No More Tears|94/100|[from] Sandstorm
|-heal|p1a: Jirachi|71/100|[from] item: Leftovers
|-heal|p2a: No More Tears|100/100|[from] item: Leftovers
|upkeep
|turn|14
|
|t:|1727995226
|move|p1a: Jirachi|Hidden Power|p2a: No More Tears
|-supereffective|p2a: No More Tears
|-damage|p2a: No More Tears|55/100
|move|p2a: No More Tears|Calm Mind|p2a: No More Tears
|-boost|p2a: No More Tears|spa|1
|-boost|p2a: No More Tears|spd|1
|
|-weather|Sandstorm|[upkeep]
|-damage|p2a: No More Tears|49/100|[from] Sandstorm
|-heal|p1a: Jirachi|77/100|[from] item: Leftovers
|-heal|p2a: No More Tears|55/100|[from] item: Leftovers
|upkeep
|turn|15
|
|t:|1727995251
|move|p1a: Jirachi|Hidden Power|p2a: No More Tears
|-supereffective|p2a: No More Tears
|-damage|p2a: No More Tears|22/100
|move|p2a: No More Tears|Calm Mind|p2a: No More Tears
|-boost|p2a: No More Tears|spa|1
|-boost|p2a: No More Tears|spd|1
|
|-weather|Sandstorm|[upkeep]
|-damage|p2a: No More Tears|16/100|[from] Sandstorm
|-heal|p1a: Jirachi|83/100|[from] item: Leftovers
|-heal|p2a: No More Tears|22/100|[from] item: Leftovers
|upkeep
|turn|16
|
|t:|1727995257
|move|p1a: Jirachi|Hidden Power|p2a: No More Tears
|-supereffective|p2a: No More Tears
|-damage|p2a: No More Tears|0 fnt
|faint|p2a: No More Tears
|c|☆A Plague Doc|gg
|c|☆Stuckkkk|messd up my calc rip
|c|☆Stuckkkk|gg
|
|t:|1727995268
|switch|p2a: Bad Bad Things|Weezing, F|87/100
|
|-weather|Sandstorm|[upkeep]
|-damage|p2a: Bad Bad Things|81/100|[from] Sandstorm
|-heal|p1a: Jirachi|90/100|[from] item: Leftovers
|-heal|p2a: Bad Bad Things|87/100|[from] item: Leftovers
|upkeep
|turn|17
|
|t:|1727995274
|move|p1a: Jirachi|Psychic|p2a: Bad Bad Things
|-supereffective|p2a: Bad Bad Things
|-damage|p2a: Bad Bad Things|0 fnt
|faint|p2a: Bad Bad Things
|
|win|A Plague Doc
|c|☆Stuckkkk|wp
|c|☆A Plague Doc|Heat team
|c|☆Stuckkkk|gg
|c|☆A Plague Doc|Gl next rounds
|c|☆Stuckkkk|thanks dog
|c|☆A Plague Doc|Ggwp
|c|☆Stuckkkk|you too

</script>
<script type="application/json" class="data" id="replaydata-gen3ou-2215381114-2j86trcqgpim2oot2gwrf68kfffq156pw">
{"id":"gen3ou-2215381114","format":"[Gen 3] OU","players":["A Plague Doc","Stuckkkk"],"uploadtime":1727995285,"views":138,"formatid":"gen3ou","rating":null,"private":1,"password":"2j86trcqgpim2oot2gwrf68kfffq156"}
</script>

<script defer src="js/replays.js?9d40a366"></script>
