<!DOCTYPE html>
<meta charset="utf-8" />
<meta name="viewport" content="width=device-width" />

<title>[Gen 3] OU: Rebatca vs. DMONDThrice - Replays - Pok&eacute;mon Showdown!</title>

<meta name="description" content="Watch a replay of a Pok&eacute;mon battle between Rebatca and DMONDThrice! Format: [Gen 3] OU; Date: Oct 14, 2024" />
<!--

Hey, you! Looking in the source for the replay log?

You can find them in JSON format, just add `.json` at the end of a replay URL.

https://replay.pokemonshowdown.com/gen7randomdoublesbattle-865046831.json

Or, if you only need the log itself, add `.log` instead:

https://replay.pokemonshowdown.com/gen7randomdoublesbattle-865046831.log

-->

<link rel="stylesheet" href="//pokemonshowdown.com/style/global.css?0.023195364461161105" />
<link rel="stylesheet" href="//play.pokemonshowdown.com/style/font-awesome.css?0.13261647063804238" />
<link rel="stylesheet" href="//play.pokemonshowdown.com/style/battle.css?0.8753245789963631" />
<link rel="stylesheet" href="//play.pokemonshowdown.com/style/utilichart.css?0.8627959624976733" />

<!-- Global site tag (gtag.js) - Google Analytics -->
<script async src="https://www.googletagmanager.com/gtag/js?id=UA-26211653-1"></script>
<script>
  window.dataLayer = window.dataLayer || [];
  function gtag(){dataLayer.push(arguments);}
  gtag('js', new Date());

  gtag('config', 'UA-26211653-1');
</script>
<!-- End Google Analytics -->
<!-- Venatus Ad Manager - Install in <HEAD> of page -->
	<script src="https://hb.vntsm.com/v3/live/ad-manager.min.js" type="text/javascript" data-site-id="642aba63ec9a7b11c3c9c1be" data-mode="scan" async></script>
<!-- / Venatus Ad Manager -->

<style>
	@media (max-width:820px) {
		.battle {
			margin: 0 auto;
		}
		.battle-log {
			margin: 7px auto 0;
			max-width: 640px;
			height: 300px;
			position: static;
		}
	}
	.optgroup {
		display: inline-block;
		line-height: 22px;
		font-size: 10pt;
	}
	.optgroup .button {
		height: 25px;
		padding-top: 0;
		padding-bottom: 0;
	}
	.optgroup button.button {
		padding-left: 12px;
		padding-right: 12px;
	}
	.linklist {
		list-style: none;
		margin: 0.5em 0;
		padding: 0;
	}
	.linklist li {
		padding: 2px 0;
	}
	.sidebar {
		float: left;
		width: 320px;
	}
	.bar-wrapper {
		max-width: 1100px;
		margin: 0 auto;
	}
	.bar-wrapper.has-sidebar {
		max-width: 1430px;
	}
	.mainbar {
		margin: 0;
		padding-right: 1px;
	}
	.mainbar.has-sidebar {
		margin-left: 330px;
	}
	@media (min-width: 1511px) {
		.sidebar {
			width: 400px;
		}
		.bar-wrapper.has-sidebar {
			max-width: 1510px;
		}
		.mainbar.has-sidebar {
			margin-left: 410px;
		}
	}
	.section.first-section {
		margin-top: 9px;
	}
	.blocklink small {
		white-space: normal;
	}
	.button {
		vertical-align: middle;
	}
	.replay-controls {
		padding-top: 10px;
	}
	.replay-controls h1 {
		font-size: 16pt;
		font-weight: normal;
		color: #CCC;
	}
	.pagelink {
		text-align: center;
	}
	.pagelink a {
		width: 150px;
	}
	.textbox, .button {
		font-size: 11pt;
		vertical-align: middle;
	}
	@media (max-width: 450px) {
		.button {
			font-size: 9pt;
		}
	}
</style>

<div>

	<header>
		<div class="nav-wrapper"><ul class="nav">
			<li><a class="button nav-first" href="//pokemonshowdown.com/"><img src="//pokemonshowdown.com/images/pokemonshowdownbeta.png" srcset="//pokemonshowdown.com/images/pokemonshowdownbeta.png 1x, //pokemonshowdown.com/images/pokemonshowdownbeta@2x.png 2x" alt="Pok&eacute;mon Showdown" width="146" height="44" /> Home</a></li>
			<li><a class="button" href="//pokemonshowdown.com/dex/">Pok&eacute;dex</a></li>
			<li><a class="button cur" href="/">Replays</a></li>
			<li><a class="button" href="//pokemonshowdown.com/ladder/">Ladder</a></li>
			<li><a class="button nav-last" href="//pokemonshowdown.com/forums/">Forum</a></li>
			<li><a class="button greenbutton nav-first nav-last" href="//play.pokemonshowdown.com/">Play</a></li>
		</ul></div>
	</header>

	<div class="main" id="main">

		<noscript><section class="section">You need to enable JavaScript to use this page; sorry!</section></noscript>

	</div>

</div>

<script defer nomodule src="//play.pokemonshowdown.com/js/lib/ps-polyfill.js"></script>
<script defer src="//play.pokemonshowdown.com/js/lib/preact.min.js"></script>

<script defer src="//play.pokemonshowdown.com/config/config.js?2bddbc15"></script>
<script defer src="//play.pokemonshowdown.com/js/lib/jquery-1.11.0.min.js"></script>
<script defer src="//play.pokemonshowdown.com/js/lib/html-sanitizer-minified.js"></script>
<script defer src="//play.pokemonshowdown.com/js/battle-sound.js"></script>
<script defer src="//play.pokemonshowdown.com/js/battledata.js?0.7209276989879541"></script>
<script defer src="//play.pokemonshowdown.com/data/pokedex-mini.js?0.6111056340867951"></script>
<script defer src="//play.pokemonshowdown.com/data/pokedex-mini-bw.js?0.3532142036491459"></script>
<script defer src="//play.pokemonshowdown.com/data/graphics.js?0.24223875632456182"></script>
<script defer src="//play.pokemonshowdown.com/data/pokedex.js?0.38839984266356864"></script>
<script defer src="//play.pokemonshowdown.com/data/moves.js?0.21866028504024015"></script>
<script defer src="//play.pokemonshowdown.com/data/abilities.js?0.2005157953846628"></script>
<script defer src="//play.pokemonshowdown.com/data/items.js?0.9894211263848525"></script>
<script defer src="//play.pokemonshowdown.com/data/teambuilder-tables.js?0.6008791140282215"></script>
<script defer src="//play.pokemonshowdown.com/js/battle-tooltips.js?0.7580118955022959"></script>
<script defer src="//play.pokemonshowdown.com/js/battle.js?0.6057722274234274"></script>

<script defer src="js/utils.js?e31f9a17"></script>
<script defer src="js/replays-battle.js?7008c182"></script>

<!-- don't scrape this data! just add .json or .log after the URL!
Full API docs: https://github.com/smogon/pokemon-showdown-client/blob/master/WEB-API.md -->
<script type="text/plain" class="log" id="replaylog-smogtours-gen3ou-798775">
|inactive|Battle timer is ON: inactive players will automatically lose when time's up.
|t:|1728940931
|gametype|singles
|player|p1|Rebatca|dawn|
|player|p2|DMONDThrice|volkner|
|teamsize|p1|6
|teamsize|p2|6
|gen|3
|tier|[Gen 3] OU
|rule|Sleep Clause Mod: Limit one foe put to sleep
|rule|Switch Priority Clause Mod: Faster Pokémon switch first
|rule|Species Clause: Limit one of each Pokémon
|rule|OHKO Clause: OHKO moves are banned
|rule|Evasion Items Clause: Evasion items are banned
|rule|Evasion Moves Clause: Evasion moves are banned
|rule|Endless Battle Clause: Forcing endless battles is banned
|rule|HP Percentage Mod: HP is shown in percentages
|rule|One Boost Passer Clause: Limit one Baton Passer that has a way to boost its stats
|rule|Freeze Clause Mod: Limit one foe frozen
|
|t:|1728940931
|start
|switch|p1a: Ayano|Tyranitar, F|100/100
|switch|p2a: Metagross|Metagross|100/100
|-weather|Sandstorm|[from] ability: Sand Stream|[of] p1a: Ayano
|turn|1
|c|☆Rebatca|glhf
|c|☆DMONDThrice|glhf!
|
|t:|1728940960
|switch|p1a: Shintaro|Moltres|100/100
|move|p2a: Metagross|Meteor Mash|p1a: Shintaro
|-resisted|p1a: Shintaro
|-crit|p1a: Shintaro
|-damage|p1a: Shintaro|18/100
|-boost|p2a: Metagross|atk|1
|
|-weather|Sandstorm|[upkeep]
|-damage|p1a: Shintaro|12/100|[from] Sandstorm
|upkeep
|turn|2
|
|t:|1728940983
|switch|p2a: Snorlax|Snorlax, F|100/100
|move|p1a: Shintaro|Fire Blast|p2a: Snorlax
|-damage|p2a: Snorlax|54/100
|
|-weather|Sandstorm|[upkeep]
|-damage|p1a: Shintaro|5/100|[from] Sandstorm
|-damage|p2a: Snorlax|48/100|[from] Sandstorm
|-heal|p2a: Snorlax|54/100|[from] item: Leftovers
|upkeep
|turn|3
|inactive|Rebatca has 270 seconds left.
|
|t:|1728941009
|move|p1a: Shintaro|Morning Sun|p1a: Shintaro
|-heal|p1a: Shintaro|30/100
|move|p2a: Snorlax|Return|p1a: Shintaro
|-damage|p1a: Shintaro|0 fnt
|faint|p1a: Shintaro
|
|t:|1728941027
|switch|p1a: Kido|Umbreon, F|100/100
|
|-weather|Sandstorm|[upkeep]
|-damage|p1a: Kido|94/100|[from] Sandstorm
|-damage|p2a: Snorlax|48/100|[from] Sandstorm
|-heal|p2a: Snorlax|54/100|[from] item: Leftovers
|upkeep
|turn|4
|
|t:|1728941033
|move|p1a: Kido|Substitute|p1a: Kido
|-start|p1a: Kido|Substitute
|-damage|p1a: Kido|70/100
|move|p2a: Snorlax|Self-Destruct|p1a: Kido
|-end|p1a: Kido|Substitute
|faint|p2a: Snorlax
|
|t:|1728941037
|switch|p2a: Metagross|Metagross|100/100
|
|-weather|Sandstorm|[upkeep]
|-damage|p1a: Kido|63/100|[from] Sandstorm
|upkeep
|turn|5
|inactive|Rebatca has 270 seconds left.
|
|t:|1728941052
|move|p2a: Metagross|Meteor Mash|p1a: Kido
|-damage|p1a: Kido|12/100
|move|p1a: Kido|Baton Pass|p1a: Kido
|inactive|Rebatca has 270 seconds left.
|
|t:|1728941069
|switch|p1a: Seto|Swampert, M|100/100|[from] Baton Pass
|
|-weather|Sandstorm|[upkeep]
|upkeep
|turn|6
|
|t:|1728941081
|switch|p2a: Skarmory|Skarmory, M|100/100
|move|p1a: Seto|Curse|p1a: Seto
|-unboost|p1a: Seto|spe|1
|-boost|p1a: Seto|atk|1
|-boost|p1a: Seto|def|1
|
|-weather|Sandstorm|[upkeep]
|upkeep
|turn|7
|
|t:|1728941104
|switch|p1a: Ayano|Tyranitar, F|100/100
|move|p2a: Skarmory|Spikes|p1a: Ayano
|-sidestart|p1: Rebatca|Spikes
|
|-weather|Sandstorm|[upkeep]
|upkeep
|turn|8
|
|t:|1728941120
|move|p2a: Skarmory|Toxic|p1a: Ayano
|-status|p1a: Ayano|tox
|-enditem|p1a: Ayano|Lum Berry|[eat]
|-curestatus|p1a: Ayano|tox|[msg]
|move|p1a: Ayano|Fire Blast|p2a: Skarmory
|-supereffective|p2a: Skarmory
|-damage|p2a: Skarmory|34/100
|
|-weather|Sandstorm|[upkeep]
|-heal|p2a: Skarmory|40/100|[from] item: Leftovers
|upkeep
|turn|9
|inactive|Rebatca has 240 seconds left.
|
|t:|1728941146
|switch|p1a: Kido|Umbreon, F|12/100
|-damage|p1a: Kido|0 fnt|[from] Spikes
|faint|p1a: Kido
|
|t:|1728941169
|switch|p1a: Kano|Aerodactyl, M|100/100
|
|-weather|Sandstorm|[upkeep]
|-heal|p2a: Skarmory|46/100|[from] item: Leftovers
|upkeep
|turn|10
|
|t:|1728941174
|move|p2a: Skarmory|Protect|p2a: Skarmory
|-singleturn|p2a: Skarmory|Protect
|move|p1a: Kano|Substitute|p1a: Kano
|-start|p1a: Kano|Substitute
|-damage|p1a: Kano|75/100
|
|-weather|Sandstorm|[upkeep]
|-heal|p2a: Skarmory|52/100|[from] item: Leftovers
|upkeep
|turn|11
|
|t:|1728941183
|switch|p2a: Claydol|Claydol|100/100
|move|p1a: Kano|Rock Slide|p2a: Claydol
|-resisted|p2a: Claydol
|-damage|p2a: Claydol|87/100
|
|-weather|Sandstorm|[upkeep]
|-heal|p2a: Claydol|93/100|[from] item: Leftovers
|upkeep
|turn|12
|
|t:|1728941191
|move|p1a: Kano|Double-Edge|p2a: Claydol
|-damage|p2a: Claydol|67/100
|move|p2a: Claydol|Earthquake|p1a: Kano
|-immune|p1a: Kano
|
|-weather|Sandstorm|[upkeep]
|-heal|p2a: Claydol|73/100|[from] item: Leftovers
|upkeep
|turn|13
|
|t:|1728941197
|move|p1a: Kano|Double-Edge|p2a: Claydol
|-damage|p2a: Claydol|48/100
|move|p2a: Claydol|Ice Beam|p1a: Kano
|-supereffective|p1a: Kano
|-end|p1a: Kano|Substitute
|
|-weather|Sandstorm|[upkeep]
|-heal|p2a: Claydol|54/100|[from] item: Leftovers
|upkeep
|turn|14
|
|t:|1728941207
|move|p1a: Kano|Double-Edge|p2a: Claydol
|-damage|p2a: Claydol|27/100
|move|p2a: Claydol|Ice Beam|p1a: Kano
|-supereffective|p1a: Kano
|-damage|p1a: Kano|26/100
|
|-weather|Sandstorm|[upkeep]
|-heal|p2a: Claydol|33/100|[from] item: Leftovers
|upkeep
|turn|15
|
|t:|1728941223
|switch|p2a: Skarmory|Skarmory, M|52/100
|move|p1a: Kano|Double-Edge|p2a: Skarmory
|-resisted|p2a: Skarmory
|-damage|p2a: Skarmory|38/100
|
|-weather|Sandstorm|[upkeep]
|-heal|p2a: Skarmory|44/100|[from] item: Leftovers
|upkeep
|turn|16
|
|t:|1728941232
|move|p1a: Kano|Rock Slide|p2a: Skarmory
|-crit|p2a: Skarmory
|-damage|p2a: Skarmory|0 fnt
|faint|p2a: Skarmory
|
|t:|1728941260
|switch|p2a: Claydol|Claydol|33/100
|
|-weather|Sandstorm|[upkeep]
|-heal|p2a: Claydol|39/100|[from] item: Leftovers
|upkeep
|turn|17
|
|t:|1728941269
|move|p1a: Kano|Substitute|p1a: Kano
|-start|p1a: Kano|Substitute
|-damage|p1a: Kano|1/100
|move|p2a: Claydol|Ice Beam|p1a: Kano
|-supereffective|p1a: Kano
|-end|p1a: Kano|Substitute
|
|-weather|Sandstorm|[upkeep]
|-enditem|p1a: Kano|Liechi Berry|[eat]
|-boost|p1a: Kano|atk|1|[from] item: Liechi Berry
|-heal|p2a: Claydol|46/100|[from] item: Leftovers
|upkeep
|turn|18
|inactive|Rebatca has 270 seconds left.
|
|t:|1728941274
|move|p1a: Kano|Double-Edge|p2a: Claydol
|-damage|p2a: Claydol|2/100
|move|p2a: Claydol|Ice Beam|p1a: Kano
|-supereffective|p1a: Kano
|-damage|p1a: Kano|0 fnt
|faint|p1a: Kano
|inactive|Rebatca has 270 seconds left.
|inactive|Rebatca has 240 seconds left.
|
|t:|1728941321
|switch|p1a: Ayano|Tyranitar, F|100/100
|-damage|p1a: Ayano|88/100|[from] Spikes
|
|-weather|Sandstorm|[upkeep]
|-heal|p2a: Claydol|9/100|[from] item: Leftovers
|upkeep
|turn|19
|
|t:|1728941335
|move|p2a: Claydol|Explosion|p1a: Ayano
|-resisted|p1a: Ayano
|-damage|p1a: Ayano|57/100
|faint|p2a: Claydol
|
|t:|1728941343
|switch|p2a: Aerodactyl|Aerodactyl, F|100/100
|
|-weather|Sandstorm|[upkeep]
|upkeep
|turn|20
|inactive|Rebatca has 240 seconds left.
|inactive|Rebatca has 210 seconds left.
|
|t:|1728941384
|switch|p1a: Mary|Suicune|100/100
|-damage|p1a: Mary|88/100|[from] Spikes
|move|p2a: Aerodactyl|Earthquake|p1a: Mary
|-damage|p1a: Mary|72/100
|
|-weather|Sandstorm|[upkeep]
|-damage|p1a: Mary|65/100|[from] Sandstorm
|-heal|p1a: Mary|72/100|[from] item: Leftovers
|upkeep
|turn|21
|inactive|Rebatca has 210 seconds left.
|
|t:|1728941403
|switch|p2a: Zapdos|Zapdos|100/100
|move|p1a: Mary|Surf|p2a: Zapdos
|-damage|p2a: Zapdos|66/100
|
|-weather|Sandstorm|[upkeep]
|-damage|p2a: Zapdos|60/100|[from] Sandstorm
|-damage|p1a: Mary|65/100|[from] Sandstorm
|-heal|p2a: Zapdos|66/100|[from] item: Leftovers
|-heal|p1a: Mary|72/100|[from] item: Leftovers
|upkeep
|turn|22
|inactive|Rebatca has 210 seconds left.
|
|t:|1728941423
|switch|p1a: Ayano|Tyranitar, F|57/100
|-damage|p1a: Ayano|45/100|[from] Spikes
|move|p2a: Zapdos|Substitute|p2a: Zapdos
|-start|p2a: Zapdos|Substitute
|-damage|p2a: Zapdos|41/100
|
|-weather|Sandstorm|[upkeep]
|-damage|p2a: Zapdos|35/100|[from] Sandstorm
|-heal|p2a: Zapdos|41/100|[from] item: Leftovers
|upkeep
|turn|23
|
|t:|1728941440
|move|p2a: Zapdos|Thunderbolt|p1a: Ayano
|-damage|p1a: Ayano|0 fnt
|faint|p1a: Ayano
|
|t:|1728941444
|switch|p1a: Seto|Swampert, M|100/100
|-damage|p1a: Seto|88/100|[from] Spikes
|
|-weather|Sandstorm|[upkeep]
|-damage|p2a: Zapdos|35/100|[from] Sandstorm
|-heal|p2a: Zapdos|41/100|[from] item: Leftovers
|-heal|p1a: Seto|94/100|[from] item: Leftovers
|upkeep
|turn|24
|
|t:|1728941447
|move|p2a: Zapdos|Hidden Power|p1a: Seto
|-supereffective|p1a: Seto
|-damage|p1a: Seto|3/100
|move|p1a: Seto|Rock Slide|p2a: Zapdos
|-supereffective|p2a: Zapdos
|-end|p2a: Zapdos|Substitute
|
|-weather|Sandstorm|[upkeep]
|-damage|p2a: Zapdos|35/100|[from] Sandstorm
|-heal|p2a: Zapdos|41/100|[from] item: Leftovers
|-heal|p1a: Seto|9/100|[from] item: Leftovers
|upkeep
|turn|25
|
|t:|1728941453
|move|p1a: Seto|Protect|p1a: Seto
|-singleturn|p1a: Seto|Protect
|move|p2a: Zapdos|Hidden Power|p1a: Seto
|-activate|p1a: Seto|Protect
|
|-weather|Sandstorm|[upkeep]
|-damage|p2a: Zapdos|35/100|[from] Sandstorm
|-heal|p2a: Zapdos|41/100|[from] item: Leftovers
|-heal|p1a: Seto|16/100|[from] item: Leftovers
|upkeep
|turn|26
|
|t:|1728941460
|move|p2a: Zapdos|Hidden Power|p1a: Seto
|-supereffective|p1a: Seto
|-damage|p1a: Seto|0 fnt
|faint|p1a: Seto
|
|t:|1728941462
|switch|p1a: Mary|Suicune|72/100
|-damage|p1a: Mary|59/100|[from] Spikes
|
|-weather|Sandstorm|[upkeep]
|-damage|p2a: Zapdos|35/100|[from] Sandstorm
|-damage|p1a: Mary|53/100|[from] Sandstorm
|-heal|p2a: Zapdos|41/100|[from] item: Leftovers
|-heal|p1a: Mary|59/100|[from] item: Leftovers
|upkeep
|turn|27
|
|t:|1728941465
|move|p2a: Zapdos|Thunderbolt|p1a: Mary
|-supereffective|p1a: Mary
|-damage|p1a: Mary|0 fnt
|faint|p1a: Mary
|
|win|DMONDThrice
|c|☆DMONDThrice|gg
|c|☆Rebatca|gg lol

</script>
<script type="application/json" class="data" id="replaydata-smogtours-gen3ou-798775">
{"id":"smogtours-gen3ou-798775","format":"[Gen 3] OU","players":["Rebatca","DMONDThrice"],"uploadtime":1728941465,"views":84,"formatid":"gen3ou","rating":null,"private":0,"password":null}
</script>

<script defer src="js/replays.js?9d40a366"></script>
