<!DOCTYPE html>
<meta charset="utf-8" />
<meta name="viewport" content="width=device-width" />

<title>[Gen 3] OU: SaunkGod vs. LuukTheGamer - Replays - Pok&eacute;mon Showdown!</title>

<meta name="description" content="Watch a replay of a Pok&eacute;mon battle between SaunkGod and LuukTheGamer! Format: [Gen 3] OU; Date: Oct 18, 2024" />
<!--

Hey, you! Looking in the source for the replay log?

You can find them in JSON format, just add `.json` at the end of a replay URL.

https://replay.pokemonshowdown.com/gen7randomdoublesbattle-865046831.json

Or, if you only need the log itself, add `.log` instead:

https://replay.pokemonshowdown.com/gen7randomdoublesbattle-865046831.log

-->

<link rel="stylesheet" href="//pokemonshowdown.com/style/global.css?0.767286132409787" />
<link rel="stylesheet" href="//play.pokemonshowdown.com/style/font-awesome.css?0.9266228007934947" />
<link rel="stylesheet" href="//play.pokemonshowdown.com/style/battle.css?0.7924700842790926" />
<link rel="stylesheet" href="//play.pokemonshowdown.com/style/utilichart.css?0.8777417872839479" />

<!-- Global site tag (gtag.js) - Google Analytics -->
<script async src="https://www.googletagmanager.com/gtag/js?id=UA-26211653-1"></script>
<script>
  window.dataLayer = window.dataLayer || [];
  function gtag(){dataLayer.push(arguments);}
  gtag('js', new Date());

  gtag('config', 'UA-26211653-1');
</script>
<!-- End Google Analytics -->
<!-- Venatus Ad Manager - Install in <HEAD> of page -->
	<script src="https://hb.vntsm.com/v3/live/ad-manager.min.js" type="text/javascript" data-site-id="642aba63ec9a7b11c3c9c1be" data-mode="scan" async></script>
<!-- / Venatus Ad Manager -->

<style>
	@media (max-width:820px) {
		.battle {
			margin: 0 auto;
		}
		.battle-log {
			margin: 7px auto 0;
			max-width: 640px;
			height: 300px;
			position: static;
		}
	}
	.optgroup {
		display: inline-block;
		line-height: 22px;
		font-size: 10pt;
	}
	.optgroup .button {
		height: 25px;
		padding-top: 0;
		padding-bottom: 0;
	}
	.optgroup button.button {
		padding-left: 12px;
		padding-right: 12px;
	}
	.linklist {
		list-style: none;
		margin: 0.5em 0;
		padding: 0;
	}
	.linklist li {
		padding: 2px 0;
	}
	.sidebar {
		float: left;
		width: 320px;
	}
	.bar-wrapper {
		max-width: 1100px;
		margin: 0 auto;
	}
	.bar-wrapper.has-sidebar {
		max-width: 1430px;
	}
	.mainbar {
		margin: 0;
		padding-right: 1px;
	}
	.mainbar.has-sidebar {
		margin-left: 330px;
	}
	@media (min-width: 1511px) {
		.sidebar {
			width: 400px;
		}
		.bar-wrapper.has-sidebar {
			max-width: 1510px;
		}
		.mainbar.has-sidebar {
			margin-left: 410px;
		}
	}
	.section.first-section {
		margin-top: 9px;
	}
	.blocklink small {
		white-space: normal;
	}
	.button {
		vertical-align: middle;
	}
	.replay-controls {
		padding-top: 10px;
	}
	.replay-controls h1 {
		font-size: 16pt;
		font-weight: normal;
		color: #CCC;
	}
	.pagelink {
		text-align: center;
	}
	.pagelink a {
		width: 150px;
	}
	.textbox, .button {
		font-size: 11pt;
		vertical-align: middle;
	}
	@media (max-width: 450px) {
		.button {
			font-size: 9pt;
		}
	}
</style>

<div>

	<header>
		<div class="nav-wrapper"><ul class="nav">
			<li><a class="button nav-first" href="//pokemonshowdown.com/"><img src="//pokemonshowdown.com/images/pokemonshowdownbeta.png" srcset="//pokemonshowdown.com/images/pokemonshowdownbeta.png 1x, //pokemonshowdown.com/images/pokemonshowdownbeta@2x.png 2x" alt="Pok&eacute;mon Showdown" width="146" height="44" /> Home</a></li>
			<li><a class="button" href="//pokemonshowdown.com/dex/">Pok&eacute;dex</a></li>
			<li><a class="button cur" href="/">Replays</a></li>
			<li><a class="button" href="//pokemonshowdown.com/ladder/">Ladder</a></li>
			<li><a class="button nav-last" href="//pokemonshowdown.com/forums/">Forum</a></li>
			<li><a class="button greenbutton nav-first nav-last" href="//play.pokemonshowdown.com/">Play</a></li>
		</ul></div>
	</header>

	<div class="main" id="main">

		<noscript><section class="section">You need to enable JavaScript to use this page; sorry!</section></noscript>

	</div>

</div>

<script defer nomodule src="//play.pokemonshowdown.com/js/lib/ps-polyfill.js"></script>
<script defer src="//play.pokemonshowdown.com/js/lib/preact.min.js"></script>

<script defer src="//play.pokemonshowdown.com/config/config.js?6dec07f6"></script>
<script defer src="//play.pokemonshowdown.com/js/lib/jquery-1.11.0.min.js"></script>
<script defer src="//play.pokemonshowdown.com/js/lib/html-sanitizer-minified.js"></script>
<script defer src="//play.pokemonshowdown.com/js/battle-sound.js"></script>
<script defer src="//play.pokemonshowdown.com/js/battledata.js?0.6315294753075389"></script>
<script defer src="//play.pokemonshowdown.com/data/pokedex-mini.js?0.7603743185311358"></script>
<script defer src="//play.pokemonshowdown.com/data/pokedex-mini-bw.js?0.030888842834281283"></script>
<script defer src="//play.pokemonshowdown.com/data/graphics.js?0.05593094747507488"></script>
<script defer src="//play.pokemonshowdown.com/data/pokedex.js?0.47064822249611904"></script>
<script defer src="//play.pokemonshowdown.com/data/moves.js?0.8583693120512459"></script>
<script defer src="//play.pokemonshowdown.com/data/abilities.js?0.16017181182386842"></script>
<script defer src="//play.pokemonshowdown.com/data/items.js?0.4163379185673943"></script>
<script defer src="//play.pokemonshowdown.com/data/teambuilder-tables.js?0.31075597372830477"></script>
<script defer src="//play.pokemonshowdown.com/js/battle-tooltips.js?0.6536193500708172"></script>
<script defer src="//play.pokemonshowdown.com/js/battle.js?0.1916591943277901"></script>

<script defer src="js/utils.js?e31f9a17"></script>
<script defer src="js/replays-battle.js?7008c182"></script>

<!-- don't scrape this data! just add .json or .log after the URL!
Full API docs: https://github.com/smogon/pokemon-showdown-client/blob/master/WEB-API.md -->
<script type="text/plain" class="log" id="replaylog-smogtours-gen3ou-799625">
|inactive|Battle timer is ON: inactive players will automatically lose when time's up.
|t:|1729278102
|gametype|singles
|player|p1|SaunkGod|blue-gen3two|
|player|p2|LuukTheGamer|1|
|teamsize|p1|6
|teamsize|p2|6
|gen|3
|tier|[Gen 3] OU
|rule|Sleep Clause Mod: Limit one foe put to sleep
|rule|Switch Priority Clause Mod: Faster Pokémon switch first
|rule|Species Clause: Limit one of each Pokémon
|rule|OHKO Clause: OHKO moves are banned
|rule|Evasion Items Clause: Evasion items are banned
|rule|Evasion Moves Clause: Evasion moves are banned
|rule|Endless Battle Clause: Forcing endless battles is banned
|rule|HP Percentage Mod: HP is shown in percentages
|rule|One Boost Passer Clause: Limit one Baton Passer that has a way to boost its stats
|rule|Freeze Clause Mod: Limit one foe frozen
|
|t:|1729278102
|start
|switch|p1a: Zapdos|Zapdos|100/100
|switch|p2a: Skarmory|Skarmory, F|100/100
|turn|1
|c|☆SaunkGod|glhf
|
|t:|1729278126
|move|p1a: Zapdos|Substitute|p1a: Zapdos
|-start|p1a: Zapdos|Substitute
|-damage|p1a: Zapdos|75/100
|move|p2a: Skarmory|Spikes|p1a: Zapdos
|-sidestart|p1: SaunkGod|Spikes
|
|-heal|p1a: Zapdos|82/100|[from] item: Leftovers
|upkeep
|turn|2
|
|t:|1729278133
|move|p1a: Zapdos|Thunderbolt|p2a: Skarmory
|-supereffective|p2a: Skarmory
|-damage|p2a: Skarmory|0 fnt
|faint|p2a: Skarmory
|
|t:|1729278144
|switch|p2a: Zapdos|Zapdos|100/100
|
|-heal|p1a: Zapdos|88/100|[from] item: Leftovers
|upkeep
|turn|3
|c|☆LuukTheGamer|glhf
|inactive|SaunkGod has 270 seconds left.
|
|t:|1729278174
|move|p1a: Zapdos|Thunderbolt|p2a: Zapdos
|-damage|p2a: Zapdos|50/100
|move|p2a: Zapdos|Thunderbolt|p1a: Zapdos
|-end|p1a: Zapdos|Substitute
|
|-heal|p1a: Zapdos|94/100|[from] item: Leftovers
|-heal|p2a: Zapdos|57/100|[from] item: Leftovers
|upkeep
|turn|4
|inactive|SaunkGod has 270 seconds left.
|inactive|LuukTheGamer has 270 seconds left.
|
|t:|1729278208
|switch|p2a: Dugtrio|Dugtrio, F|100/100
|move|p1a: Zapdos|Thunderbolt|p2a: Dugtrio
|-immune|p2a: Dugtrio
|
|-heal|p1a: Zapdos|100/100|[from] item: Leftovers
|upkeep
|turn|5
|inactive|SaunkGod has 240 seconds left.
|
|t:|1729278230
|switch|p1a: Dugtrio|Dugtrio, F|100/100
|-damage|p1a: Dugtrio|88/100|[from] Spikes
|move|p2a: Dugtrio|Rock Slide|p1a: Dugtrio
|-resisted|p1a: Dugtrio
|-damage|p1a: Dugtrio|52/100
|
|upkeep
|turn|6
|
|t:|1729278244
|move|p2a: Dugtrio|Rock Slide|p1a: Dugtrio
|-resisted|p1a: Dugtrio
|-damage|p1a: Dugtrio|19/100
|move|p1a: Dugtrio|Earthquake|p2a: Dugtrio
|-damage|p2a: Dugtrio|0 fnt
|faint|p2a: Dugtrio
|inactive|LuukTheGamer has 270 seconds left.
|
|t:|1729278266
|switch|p2a: Gengar|Gengar, M|100/100
|
|upkeep
|turn|7
|inactive|SaunkGod has 240 seconds left.
|
|t:|1729278299
|move|p2a: Gengar|Ice Punch|p1a: Dugtrio
|-supereffective|p1a: Dugtrio
|-damage|p1a: Dugtrio|0 fnt
|faint|p1a: Dugtrio
|inactive|SaunkGod has 210 seconds left.
|
|t:|1729278325
|switch|p1a: Jolteon|Jolteon, M|100/100
|-damage|p1a: Jolteon|88/100|[from] Spikes
|
|-heal|p1a: Jolteon|94/100|[from] item: Leftovers
|upkeep
|turn|8
|inactive|LuukTheGamer has 270 seconds left.
|
|t:|1729278342
|switch|p2a: Swampert|Swampert, F|100/100
|move|p1a: Jolteon|Substitute|p1a: Jolteon
|-start|p1a: Jolteon|Substitute
|-damage|p1a: Jolteon|69/100
|
|-heal|p1a: Jolteon|75/100|[from] item: Leftovers
|upkeep
|turn|9
|
|t:|1729278354
|move|p1a: Jolteon|Hidden Power|p2a: Swampert
|-supereffective|p2a: Swampert
|-damage|p2a: Swampert|45/100
|move|p2a: Swampert|Hydro Pump|p1a: Jolteon|[miss]
|-miss|p2a: Swampert|p1a: Jolteon
|
|-heal|p1a: Jolteon|82/100|[from] item: Leftovers
|-heal|p2a: Swampert|51/100|[from] item: Leftovers
|upkeep
|turn|10
|
|t:|1729278368
|move|p1a: Jolteon|Hidden Power|p2a: Swampert
|-supereffective|p2a: Swampert
|-damage|p2a: Swampert|0 fnt
|faint|p2a: Swampert
|
|t:|1729278372
|switch|p2a: Aerodactyl|Aerodactyl, M|100/100
|
|-heal|p1a: Jolteon|88/100|[from] item: Leftovers
|upkeep
|turn|11
|inactive|LuukTheGamer has 270 seconds left.
|
|t:|1729278378
|move|p2a: Aerodactyl|Earthquake|p1a: Jolteon
|-supereffective|p1a: Jolteon
|-end|p1a: Jolteon|Substitute
|move|p1a: Jolteon|Thunderbolt|p2a: Aerodactyl
|-supereffective|p2a: Aerodactyl
|-damage|p2a: Aerodactyl|0 fnt
|faint|p2a: Aerodactyl
|
|t:|1729278383
|switch|p2a: Gengar|Gengar, M|100/100
|
|-heal|p1a: Jolteon|94/100|[from] item: Leftovers
|upkeep
|turn|12
|
|t:|1729278388
|move|p1a: Jolteon|Thunderbolt|p2a: Gengar
|-damage|p2a: Gengar|26/100
|move|p2a: Gengar|Ice Punch|p1a: Jolteon
|-damage|p1a: Jolteon|58/100
|
|-heal|p1a: Jolteon|64/100|[from] item: Leftovers
|-heal|p2a: Gengar|32/100|[from] item: Leftovers
|upkeep
|turn|13
|
|t:|1729278394
|move|p1a: Jolteon|Thunderbolt|p2a: Gengar
|-damage|p2a: Gengar|0 fnt
|faint|p2a: Gengar
|
|t:|1729278395
|switch|p2a: Zapdos|Zapdos|57/100
|
|-heal|p1a: Jolteon|71/100|[from] item: Leftovers
|-heal|p2a: Zapdos|63/100|[from] item: Leftovers
|upkeep
|turn|14
|
|t:|1729278397
|move|p1a: Jolteon|Thunderbolt|p2a: Zapdos
|-damage|p2a: Zapdos|13/100
|move|p2a: Zapdos|Thunderbolt|p1a: Jolteon
|-heal|p1a: Jolteon|96/100|[from] ability: Volt Absorb|[of] p2a: Zapdos
|
|-heal|p1a: Jolteon|100/100|[from] item: Leftovers
|-heal|p2a: Zapdos|19/100|[from] item: Leftovers
|upkeep
|turn|15
|
|t:|1729278403
|move|p1a: Jolteon|Thunderbolt|p2a: Zapdos
|-damage|p2a: Zapdos|0 fnt
|faint|p2a: Zapdos
|
|win|SaunkGod
|c|☆LuukTheGamer|gg
|c|☆SaunkGod|gg

</script>
<script type="application/json" class="data" id="replaydata-smogtours-gen3ou-799625">
{"id":"smogtours-gen3ou-799625","format":"[Gen 3] OU","players":["SaunkGod","LuukTheGamer"],"uploadtime":1729278403,"views":84,"formatid":"gen3ou","rating":null,"private":0,"password":null}
</script>

<script defer src="js/replays.js?9d40a366"></script>
