<!DOCTYPE html>
<meta charset="utf-8" />
<meta name="viewport" content="width=device-width" />

<title>[Gen 3] OU: Sepulo vs. pokology2 - Replays - Pok&eacute;mon Showdown!</title>

<meta name="description" content="Watch a replay of a Pok&eacute;mon battle between Sepulo and pokology2! Format: [Gen 3] OU; Date: Oct 29, 2024" />
<!--

Hey, you! Looking in the source for the replay log?

You can find them in JSON format, just add `.json` at the end of a replay URL.

https://replay.pokemonshowdown.com/gen7randomdoublesbattle-865046831.json

Or, if you only need the log itself, add `.log` instead:

https://replay.pokemonshowdown.com/gen7randomdoublesbattle-865046831.log

-->

<link rel="stylesheet" href="//pokemonshowdown.com/style/global.css?0.023195364461161105" />
<link rel="stylesheet" href="//play.pokemonshowdown.com/style/font-awesome.css?0.13261647063804238" />
<link rel="stylesheet" href="//play.pokemonshowdown.com/style/battle.css?0.8753245789963631" />
<link rel="stylesheet" href="//play.pokemonshowdown.com/style/utilichart.css?0.8627959624976733" />

<!-- Global site tag (gtag.js) - Google Analytics -->
<script async src="https://www.googletagmanager.com/gtag/js?id=UA-26211653-1"></script>
<script>
  window.dataLayer = window.dataLayer || [];
  function gtag(){dataLayer.push(arguments);}
  gtag('js', new Date());

  gtag('config', 'UA-26211653-1');
</script>
<!-- End Google Analytics -->
<!-- Venatus Ad Manager - Install in <HEAD> of page -->
	<script src="https://hb.vntsm.com/v3/live/ad-manager.min.js" type="text/javascript" data-site-id="642aba63ec9a7b11c3c9c1be" data-mode="scan" async></script>
<!-- / Venatus Ad Manager -->

<style>
	@media (max-width:820px) {
		.battle {
			margin: 0 auto;
		}
		.battle-log {
			margin: 7px auto 0;
			max-width: 640px;
			height: 300px;
			position: static;
		}
	}
	.optgroup {
		display: inline-block;
		line-height: 22px;
		font-size: 10pt;
	}
	.optgroup .button {
		height: 25px;
		padding-top: 0;
		padding-bottom: 0;
	}
	.optgroup button.button {
		padding-left: 12px;
		padding-right: 12px;
	}
	.linklist {
		list-style: none;
		margin: 0.5em 0;
		padding: 0;
	}
	.linklist li {
		padding: 2px 0;
	}
	.sidebar {
		float: left;
		width: 320px;
	}
	.bar-wrapper {
		max-width: 1100px;
		margin: 0 auto;
	}
	.bar-wrapper.has-sidebar {
		max-width: 1430px;
	}
	.mainbar {
		margin: 0;
		padding-right: 1px;
	}
	.mainbar.has-sidebar {
		margin-left: 330px;
	}
	@media (min-width: 1511px) {
		.sidebar {
			width: 400px;
		}
		.bar-wrapper.has-sidebar {
			max-width: 1510px;
		}
		.mainbar.has-sidebar {
			margin-left: 410px;
		}
	}
	.section.first-section {
		margin-top: 9px;
	}
	.blocklink small {
		white-space: normal;
	}
	.button {
		vertical-align: middle;
	}
	.replay-controls {
		padding-top: 10px;
	}
	.replay-controls h1 {
		font-size: 16pt;
		font-weight: normal;
		color: #CCC;
	}
	.pagelink {
		text-align: center;
	}
	.pagelink a {
		width: 150px;
	}
	.textbox, .button {
		font-size: 11pt;
		vertical-align: middle;
	}
	@media (max-width: 450px) {
		.button {
			font-size: 9pt;
		}
	}
</style>

<div>

	<header>
		<div class="nav-wrapper"><ul class="nav">
			<li><a class="button nav-first" href="//pokemonshowdown.com/"><img src="//pokemonshowdown.com/images/pokemonshowdownbeta.png" srcset="//pokemonshowdown.com/images/pokemonshowdownbeta.png 1x, //pokemonshowdown.com/images/pokemonshowdownbeta@2x.png 2x" alt="Pok&eacute;mon Showdown" width="146" height="44" /> Home</a></li>
			<li><a class="button" href="//pokemonshowdown.com/dex/">Pok&eacute;dex</a></li>
			<li><a class="button cur" href="/">Replays</a></li>
			<li><a class="button" href="//pokemonshowdown.com/ladder/">Ladder</a></li>
			<li><a class="button nav-last" href="//pokemonshowdown.com/forums/">Forum</a></li>
			<li><a class="button greenbutton nav-first nav-last" href="//play.pokemonshowdown.com/">Play</a></li>
		</ul></div>
	</header>

	<div class="main" id="main">

		<noscript><section class="section">You need to enable JavaScript to use this page; sorry!</section></noscript>

	</div>

</div>

<script defer nomodule src="//play.pokemonshowdown.com/js/lib/ps-polyfill.js"></script>
<script defer src="//play.pokemonshowdown.com/js/lib/preact.min.js"></script>

<script defer src="//play.pokemonshowdown.com/config/config.js?2bddbc15"></script>
<script defer src="//play.pokemonshowdown.com/js/lib/jquery-1.11.0.min.js"></script>
<script defer src="//play.pokemonshowdown.com/js/lib/html-sanitizer-minified.js"></script>
<script defer src="//play.pokemonshowdown.com/js/battle-sound.js"></script>
<script defer src="//play.pokemonshowdown.com/js/battledata.js?0.7209276989879541"></script>
<script defer src="//play.pokemonshowdown.com/data/pokedex-mini.js?0.6111056340867951"></script>
<script defer src="//play.pokemonshowdown.com/data/pokedex-mini-bw.js?0.3532142036491459"></script>
<script defer src="//play.pokemonshowdown.com/data/graphics.js?0.24223875632456182"></script>
<script defer src="//play.pokemonshowdown.com/data/pokedex.js?0.38839984266356864"></script>
<script defer src="//play.pokemonshowdown.com/data/moves.js?0.21866028504024015"></script>
<script defer src="//play.pokemonshowdown.com/data/abilities.js?0.2005157953846628"></script>
<script defer src="//play.pokemonshowdown.com/data/items.js?0.9894211263848525"></script>
<script defer src="//play.pokemonshowdown.com/data/teambuilder-tables.js?0.6008791140282215"></script>
<script defer src="//play.pokemonshowdown.com/js/battle-tooltips.js?0.7580118955022959"></script>
<script defer src="//play.pokemonshowdown.com/js/battle.js?0.6057722274234274"></script>

<script defer src="js/utils.js?e31f9a17"></script>
<script defer src="js/replays-battle.js?7008c182"></script>

<!-- don't scrape this data! just add .json or .log after the URL!
Full API docs: https://github.com/smogon/pokemon-showdown-client/blob/master/WEB-API.md -->
<script type="text/plain" class="log" id="replaylog-smogtours-gen3ou-803345">
|inactive|Battle timer is ON: inactive players will automatically lose when time's up.
|t:|1730235907
|gametype|singles
|player|p1|Sepulo|pokemonbreeder|
|player|p2|pokology2|266|
|teamsize|p1|6
|teamsize|p2|6
|gen|3
|tier|[Gen 3] OU
|rule|Sleep Clause Mod: Limit one foe put to sleep
|rule|Switch Priority Clause Mod: Faster Pokémon switch first
|rule|Species Clause: Limit one of each Pokémon
|rule|OHKO Clause: OHKO moves are banned
|rule|Evasion Items Clause: Evasion items are banned
|rule|Evasion Moves Clause: Evasion moves are banned
|rule|Endless Battle Clause: Forcing endless battles is banned
|rule|HP Percentage Mod: HP is shown in percentages
|rule|One Boost Passer Clause: Limit one Baton Passer that has a way to boost its stats
|rule|Freeze Clause Mod: Limit one foe frozen
|
|t:|1730235907
|start
|switch|p1a: Raikou|Raikou|100/100
|switch|p2a: Zapdos|Zapdos|100/100
|turn|1
|inactive|pokology2 has 270 seconds left.
|c|☆pokology2|gl hf :)
|c|☆Sepulo|u2
|
|t:|1730235962
|switch|p2a: Snorlax|Snorlax, M|100/100
|move|p1a: Raikou|Substitute|p1a: Raikou
|-start|p1a: Raikou|Substitute
|-damage|p1a: Raikou|76/100
|
|-heal|p1a: Raikou|82/100|[from] item: Leftovers
|upkeep
|turn|2
|
|t:|1730235970
|move|p1a: Raikou|Thunderbolt|p2a: Snorlax
|-damage|p2a: Snorlax|69/100
|move|p2a: Snorlax|Body Slam|p1a: Raikou
|-end|p1a: Raikou|Substitute
|
|-heal|p1a: Raikou|88/100|[from] item: Leftovers
|-heal|p2a: Snorlax|75/100|[from] item: Leftovers
|upkeep
|turn|3
|
|t:|1730235977
|switch|p1a: Cloyster|Cloyster, M|100/100
|move|p2a: Snorlax|Earthquake|p1a: Cloyster
|-damage|p1a: Cloyster|79/100
|
|-heal|p1a: Cloyster|85/100|[from] item: Leftovers
|-heal|p2a: Snorlax|81/100|[from] item: Leftovers
|upkeep
|turn|4
|
|t:|1730235990
|switch|p2a: Alakazam|Alakazam, F|100/100
|move|p1a: Cloyster|Spikes|p2a: Alakazam
|-sidestart|p2: pokology2|Spikes
|
|-heal|p1a: Cloyster|91/100|[from] item: Leftovers
|upkeep
|turn|5
|
|t:|1730235993
|switch|p1a: Snorlax|Snorlax, M|100/100
|move|p2a: Alakazam|Trick|p1a: Snorlax
|-activate|p2a: Alakazam|move: Trick|[of] p1a: Snorlax
|-item|p1a: Snorlax|Choice Band|[from] move: Trick
|-item|p2a: Alakazam|Leftovers|[from] move: Trick
|
|upkeep
|turn|6
|
|t:|1730236010
|-singleturn|p1a: Snorlax|move: Focus Punch
|move|p2a: Alakazam|Psychic|p1a: Snorlax
|-damage|p1a: Snorlax|71/100
|move|p1a: Snorlax|Focus Punch||[still]
|cant|p1a: Snorlax|Focus Punch|Focus Punch
|
|upkeep
|turn|7
|
|t:|1730236020
|switch|p1a: Raikou|Raikou|88/100
|move|p2a: Alakazam|Psychic|p1a: Raikou
|-damage|p1a: Raikou|41/100
|
|-heal|p1a: Raikou|47/100|[from] item: Leftovers
|upkeep
|turn|8
|
|t:|1730236024
|move|p2a: Alakazam|Psychic|p1a: Raikou
|-damage|p1a: Raikou|0 fnt
|faint|p1a: Raikou
|
|t:|1730236027
|switch|p1a: Snorlax|Snorlax, M|71/100
|
|upkeep
|turn|9
|
|t:|1730236030
|switch|p2a: Tyranitar|Tyranitar, F|100/100
|-damage|p2a: Tyranitar|88/100|[from] Spikes
|-weather|Sandstorm|[from] ability: Sand Stream|[of] p2a: Tyranitar
|move|p1a: Snorlax|Body Slam|p2a: Tyranitar
|-resisted|p2a: Tyranitar
|-damage|p2a: Tyranitar|61/100
|
|-weather|Sandstorm|[upkeep]
|-damage|p1a: Snorlax|65/100|[from] Sandstorm
|upkeep
|turn|10
|
|t:|1730236045
|switch|p1a: Machamp|Machamp, F|100/100
|move|p2a: Tyranitar|Earthquake|p1a: Machamp
|-damage|p1a: Machamp|66/100
|
|-weather|Sandstorm|[upkeep]
|-damage|p1a: Machamp|60/100|[from] Sandstorm
|-heal|p1a: Machamp|66/100|[from] item: Leftovers
|upkeep
|turn|11
|
|t:|1730236070
|switch|p2a: Zapdos|Zapdos|100/100
|move|p1a: Machamp|Hidden Power|p2a: Zapdos
|-damage|p2a: Zapdos|64/100
|
|-weather|Sandstorm|[upkeep]
|-damage|p2a: Zapdos|58/100|[from] Sandstorm
|-damage|p1a: Machamp|60/100|[from] Sandstorm
|-heal|p2a: Zapdos|64/100|[from] item: Leftovers
|-heal|p1a: Machamp|66/100|[from] item: Leftovers
|upkeep
|turn|12
|
|t:|1730236075
|move|p2a: Zapdos|Drill Peck|p1a: Machamp
|-supereffective|p1a: Machamp
|-crit|p1a: Machamp
|-damage|p1a: Machamp|0 fnt
|faint|p1a: Machamp
|
|t:|1730236084
|switch|p1a: Zapdos|Zapdos|100/100
|
|-weather|Sandstorm|[upkeep]
|-damage|p2a: Zapdos|58/100|[from] Sandstorm
|-damage|p1a: Zapdos|94/100|[from] Sandstorm
|-heal|p2a: Zapdos|64/100|[from] item: Leftovers
|-heal|p1a: Zapdos|100/100|[from] item: Leftovers
|upkeep
|turn|13
|
|t:|1730236101
|move|p2a: Zapdos|Thunderbolt|p1a: Zapdos
|-damage|p1a: Zapdos|46/100
|move|p1a: Zapdos|Thunderbolt|p2a: Zapdos
|-damage|p2a: Zapdos|13/100
|-status|p2a: Zapdos|par
|
|-weather|Sandstorm|[upkeep]
|-damage|p1a: Zapdos|40/100|[from] Sandstorm
|-damage|p2a: Zapdos|6/100 par|[from] Sandstorm
|-heal|p1a: Zapdos|46/100|[from] item: Leftovers
|-heal|p2a: Zapdos|13/100 par|[from] item: Leftovers
|upkeep
|turn|14
|
|t:|1730236127
|move|p1a: Zapdos|Thunderbolt|p2a: Zapdos
|-damage|p2a: Zapdos|0 fnt
|faint|p2a: Zapdos
|inactive|pokology2 has 270 seconds left.
|inactive|pokology2 has 240 seconds left.
|
|t:|1730236182
|switch|p2a: Tyranitar|Tyranitar, F|61/100
|-damage|p2a: Tyranitar|49/100|[from] Spikes
|
|-weather|Sandstorm|[upkeep]
|-damage|p1a: Zapdos|40/100|[from] Sandstorm
|-heal|p1a: Zapdos|46/100|[from] item: Leftovers
|upkeep
|turn|15
|inactive|pokology2 has 240 seconds left.
|
|t:|1730236196
|move|p1a: Zapdos|Baton Pass|p1a: Zapdos
|
|t:|1730236199
|switch|p1a: Dugtrio|Dugtrio, M|100/100|[from] Baton Pass
|move|p2a: Tyranitar|Rock Slide|p1a: Dugtrio
|-resisted|p1a: Dugtrio
|-damage|p1a: Dugtrio|49/100
|
|-weather|Sandstorm|[upkeep]
|upkeep
|turn|16
|inactive|pokology2 has 240 seconds left.
|
|t:|1730236213
|move|p1a: Dugtrio|Earthquake|p2a: Tyranitar
|-supereffective|p2a: Tyranitar
|-damage|p2a: Tyranitar|0 fnt
|faint|p2a: Tyranitar
|inactive|pokology2 has 240 seconds left.
|inactive|pokology2 has 210 seconds left.
|inactive|pokology2 has 180 seconds left.
|inactive|pokology2 has 150 seconds left.
|
|t:|1730236322
|switch|p2a: Snorlax|Snorlax, M|81/100
|-damage|p2a: Snorlax|69/100|[from] Spikes
|
|-weather|Sandstorm|[upkeep]
|-damage|p2a: Snorlax|63/100|[from] Sandstorm
|-heal|p2a: Snorlax|69/100|[from] item: Leftovers
|upkeep
|turn|17
|
|t:|1730236328
|move|p1a: Dugtrio|Earthquake|p2a: Snorlax
|-damage|p2a: Snorlax|28/100
|move|p2a: Snorlax|Body Slam|p1a: Dugtrio
|-damage|p1a: Dugtrio|0 fnt
|faint|p1a: Dugtrio
|inactive|Sepulo has 270 seconds left.
|
|t:|1730236380
|switch|p1a: Zapdos|Zapdos|46/100
|
|-weather|Sandstorm|[upkeep]
|-damage|p1a: Zapdos|40/100|[from] Sandstorm
|-damage|p2a: Snorlax|22/100|[from] Sandstorm
|-heal|p1a: Zapdos|46/100|[from] item: Leftovers
|-heal|p2a: Snorlax|28/100|[from] item: Leftovers
|upkeep
|turn|18
|inactive|pokology2 has 150 seconds left.
|
|t:|1730236394
|move|p1a: Zapdos|Thunderbolt|p2a: Snorlax
|-damage|p2a: Snorlax|1/100
|move|p2a: Snorlax|Body Slam|p1a: Zapdos
|-damage|p1a: Zapdos|9/100
|
|-weather|Sandstorm|[upkeep]
|-damage|p1a: Zapdos|3/100|[from] Sandstorm
|-damage|p2a: Snorlax|0 fnt|[from] Sandstorm
|faint|p2a: Snorlax
|-heal|p1a: Zapdos|9/100|[from] item: Leftovers
|upkeep
|inactive|pokology2 has 150 seconds left.
|
|t:|1730236403
|switch|p2a: Alakazam|Alakazam, F|100/100
|-damage|p2a: Alakazam|88/100|[from] Spikes
|turn|19
|inactive|Sepulo has 270 seconds left.
|
|t:|1730236412
|move|p2a: Alakazam|Psychic|p1a: Zapdos
|-damage|p1a: Zapdos|0 fnt
|faint|p1a: Zapdos
|
|t:|1730236414
|switch|p1a: Snorlax|Snorlax, M|65/100
|
|-weather|Sandstorm|[upkeep]
|-damage|p2a: Alakazam|82/100|[from] Sandstorm
|-damage|p1a: Snorlax|59/100|[from] Sandstorm
|-heal|p2a: Alakazam|88/100|[from] item: Leftovers
|upkeep
|turn|20
|
|t:|1730236417
|move|p2a: Alakazam|Psychic|p1a: Snorlax
|-damage|p1a: Snorlax|32/100
|move|p1a: Snorlax|Body Slam|p2a: Alakazam
|-crit|p2a: Alakazam
|-damage|p2a: Alakazam|0 fnt
|faint|p2a: Alakazam
|
|t:|1730236423
|switch|p2a: Metagross|Metagross|100/100
|-damage|p2a: Metagross|88/100|[from] Spikes
|
|-weather|Sandstorm|[upkeep]
|-damage|p1a: Snorlax|26/100|[from] Sandstorm
|-heal|p2a: Metagross|94/100|[from] item: Leftovers
|upkeep
|turn|21
|
|t:|1730236427
|move|p2a: Metagross|Agility|p2a: Metagross
|-boost|p2a: Metagross|spe|2
|move|p1a: Snorlax|Body Slam|p2a: Metagross
|-resisted|p2a: Metagross
|-damage|p2a: Metagross|69/100
|
|-weather|Sandstorm|[upkeep]
|-damage|p1a: Snorlax|19/100|[from] Sandstorm
|-heal|p2a: Metagross|75/100|[from] item: Leftovers
|upkeep
|turn|22
|
|t:|1730236435
|move|p2a: Metagross|Earthquake|p1a: Snorlax
|-damage|p1a: Snorlax|0 fnt
|faint|p1a: Snorlax
|
|t:|1730236437
|switch|p1a: Cloyster|Cloyster, M|91/100
|
|-weather|Sandstorm|[upkeep]
|-damage|p1a: Cloyster|85/100|[from] Sandstorm
|-heal|p2a: Metagross|82/100|[from] item: Leftovers
|-heal|p1a: Cloyster|91/100|[from] item: Leftovers
|upkeep
|turn|23
|
|t:|1730236441
|move|p2a: Metagross|Explosion|p1a: Cloyster
|-damage|p1a: Cloyster|0 fnt
|faint|p2a: Metagross
|faint|p1a: Cloyster
|
|win|pokology2
|c|☆pokology2|gg
|c|☆Sepulo|gg
|player|p1|

</script>
<script type="application/json" class="data" id="replaydata-smogtours-gen3ou-803345">
{"id":"smogtours-gen3ou-803345","format":"[Gen 3] OU","players":["Sepulo","pokology2"],"uploadtime":1730236441,"views":100,"formatid":"gen3ou","rating":null,"private":0,"password":null}
</script>

<script defer src="js/replays.js?9d40a366"></script>
