<!DOCTYPE html>
<meta charset="utf-8" />
<meta name="viewport" content="width=device-width" />

<title>[Gen 3] OU: kug98 vs. strictsceptile1 - Replays - Pok&eacute;mon Showdown!</title>

<meta name="description" content="Watch a replay of a Pok&eacute;mon battle between kug98 and strictsceptile1! Format: [Gen 3] OU; Date: Oct 13, 2024" />
<!--

Hey, you! Looking in the source for the replay log?

You can find them in JSON format, just add `.json` at the end of a replay URL.

https://replay.pokemonshowdown.com/gen7randomdoublesbattle-865046831.json

Or, if you only need the log itself, add `.log` instead:

https://replay.pokemonshowdown.com/gen7randomdoublesbattle-865046831.log

-->

<link rel="stylesheet" href="//pokemonshowdown.com/style/global.css?0.023195364461161105" />
<link rel="stylesheet" href="//play.pokemonshowdown.com/style/font-awesome.css?0.13261647063804238" />
<link rel="stylesheet" href="//play.pokemonshowdown.com/style/battle.css?0.8753245789963631" />
<link rel="stylesheet" href="//play.pokemonshowdown.com/style/utilichart.css?0.8627959624976733" />

<!-- Global site tag (gtag.js) - Google Analytics -->
<script async src="https://www.googletagmanager.com/gtag/js?id=UA-26211653-1"></script>
<script>
  window.dataLayer = window.dataLayer || [];
  function gtag(){dataLayer.push(arguments);}
  gtag('js', new Date());

  gtag('config', 'UA-26211653-1');
</script>
<!-- End Google Analytics -->
<!-- Venatus Ad Manager - Install in <HEAD> of page -->
	<script src="https://hb.vntsm.com/v3/live/ad-manager.min.js" type="text/javascript" data-site-id="642aba63ec9a7b11c3c9c1be" data-mode="scan" async></script>
<!-- / Venatus Ad Manager -->

<style>
	@media (max-width:820px) {
		.battle {
			margin: 0 auto;
		}
		.battle-log {
			margin: 7px auto 0;
			max-width: 640px;
			height: 300px;
			position: static;
		}
	}
	.optgroup {
		display: inline-block;
		line-height: 22px;
		font-size: 10pt;
	}
	.optgroup .button {
		height: 25px;
		padding-top: 0;
		padding-bottom: 0;
	}
	.optgroup button.button {
		padding-left: 12px;
		padding-right: 12px;
	}
	.linklist {
		list-style: none;
		margin: 0.5em 0;
		padding: 0;
	}
	.linklist li {
		padding: 2px 0;
	}
	.sidebar {
		float: left;
		width: 320px;
	}
	.bar-wrapper {
		max-width: 1100px;
		margin: 0 auto;
	}
	.bar-wrapper.has-sidebar {
		max-width: 1430px;
	}
	.mainbar {
		margin: 0;
		padding-right: 1px;
	}
	.mainbar.has-sidebar {
		margin-left: 330px;
	}
	@media (min-width: 1511px) {
		.sidebar {
			width: 400px;
		}
		.bar-wrapper.has-sidebar {
			max-width: 1510px;
		}
		.mainbar.has-sidebar {
			margin-left: 410px;
		}
	}
	.section.first-section {
		margin-top: 9px;
	}
	.blocklink small {
		white-space: normal;
	}
	.button {
		vertical-align: middle;
	}
	.replay-controls {
		padding-top: 10px;
	}
	.replay-controls h1 {
		font-size: 16pt;
		font-weight: normal;
		color: #CCC;
	}
	.pagelink {
		text-align: center;
	}
	.pagelink a {
		width: 150px;
	}
	.textbox, .button {
		font-size: 11pt;
		vertical-align: middle;
	}
	@media (max-width: 450px) {
		.button {
			font-size: 9pt;
		}
	}
</style>

<div>

	<header>
		<div class="nav-wrapper"><ul class="nav">
			<li><a class="button nav-first" href="//pokemonshowdown.com/"><img src="//pokemonshowdown.com/images/pokemonshowdownbeta.png" srcset="//pokemonshowdown.com/images/pokemonshowdownbeta.png 1x, //pokemonshowdown.com/images/pokemonshowdownbeta@2x.png 2x" alt="Pok&eacute;mon Showdown" width="146" height="44" /> Home</a></li>
			<li><a class="button" href="//pokemonshowdown.com/dex/">Pok&eacute;dex</a></li>
			<li><a class="button cur" href="/">Replays</a></li>
			<li><a class="button" href="//pokemonshowdown.com/ladder/">Ladder</a></li>
			<li><a class="button nav-last" href="//pokemonshowdown.com/forums/">Forum</a></li>
			<li><a class="button greenbutton nav-first nav-last" href="//play.pokemonshowdown.com/">Play</a></li>
		</ul></div>
	</header>

	<div class="main" id="main">

		<noscript><section class="section">You need to enable JavaScript to use this page; sorry!</section></noscript>

	</div>

</div>

<script defer nomodule src="//play.pokemonshowdown.com/js/lib/ps-polyfill.js"></script>
<script defer src="//play.pokemonshowdown.com/js/lib/preact.min.js"></script>

<script defer src="//play.pokemonshowdown.com/config/config.js?2bddbc15"></script>
<script defer src="//play.pokemonshowdown.com/js/lib/jquery-1.11.0.min.js"></script>
<script defer src="//play.pokemonshowdown.com/js/lib/html-sanitizer-minified.js"></script>
<script defer src="//play.pokemonshowdown.com/js/battle-sound.js"></script>
<script defer src="//play.pokemonshowdown.com/js/battledata.js?0.7209276989879541"></script>
<script defer src="//play.pokemonshowdown.com/data/pokedex-mini.js?0.6111056340867951"></script>
<script defer src="//play.pokemonshowdown.com/data/pokedex-mini-bw.js?0.3532142036491459"></script>
<script defer src="//play.pokemonshowdown.com/data/graphics.js?0.24223875632456182"></script>
<script defer src="//play.pokemonshowdown.com/data/pokedex.js?0.38839984266356864"></script>
<script defer src="//play.pokemonshowdown.com/data/moves.js?0.21866028504024015"></script>
<script defer src="//play.pokemonshowdown.com/data/abilities.js?0.2005157953846628"></script>
<script defer src="//play.pokemonshowdown.com/data/items.js?0.9894211263848525"></script>
<script defer src="//play.pokemonshowdown.com/data/teambuilder-tables.js?0.6008791140282215"></script>
<script defer src="//play.pokemonshowdown.com/js/battle-tooltips.js?0.7580118955022959"></script>
<script defer src="//play.pokemonshowdown.com/js/battle.js?0.6057722274234274"></script>

<script defer src="js/utils.js?e31f9a17"></script>
<script defer src="js/replays-battle.js?7008c182"></script>

<!-- don't scrape this data! just add .json or .log after the URL!
Full API docs: https://github.com/smogon/pokemon-showdown-client/blob/master/WEB-API.md -->
<script type="text/plain" class="log" id="replaylog-gen3ou-2221993971-3sfeilhnlytaclo3yxj5zi8bmwcy248pw">
|j|☆kug98
|j|☆strictsceptile1
|t:|1728824234
|gametype|singles
|player|p1|kug98|policeman|
|player|p2|strictsceptile1|camper|
|teamsize|p1|6
|teamsize|p2|6
|gen|3
|tier|[Gen 3] OU
|rule|Sleep Clause Mod: Limit one foe put to sleep
|rule|Switch Priority Clause Mod: Faster Pokémon switch first
|rule|Species Clause: Limit one of each Pokémon
|rule|OHKO Clause: OHKO moves are banned
|rule|Evasion Items Clause: Evasion items are banned
|rule|Evasion Moves Clause: Evasion moves are banned
|rule|Endless Battle Clause: Forcing endless battles is banned
|rule|HP Percentage Mod: HP is shown in percentages
|rule|One Boost Passer Clause: Limit one Baton Passer that has a way to boost its stats
|rule|Freeze Clause Mod: Limit one foe frozen
|
|t:|1728824234
|start
|switch|p1a: Salamence|Salamence, F|100/100
|switch|p2a: Suicune|Suicune|100/100
|-ability|p1a: Salamence|Intimidate|boost
|-unboost|p2a: Suicune|atk|1
|turn|1
|inactive|Battle timer is ON: inactive players will automatically lose when time's up. (requested by kug98)
|inactive|strictsceptile1 also wants the timer to be on.
|
|t:|1728824240
|switch|p1a: Blissey|Blissey, F|100/100
|move|p2a: Suicune|Calm Mind|p2a: Suicune
|-boost|p2a: Suicune|spa|1
|-boost|p2a: Suicune|spd|1
|
|upkeep
|turn|2
|
|t:|1728824244
|move|p2a: Suicune|Calm Mind|p2a: Suicune
|-boost|p2a: Suicune|spa|1
|-boost|p2a: Suicune|spd|1
|move|p1a: Blissey|Calm Mind|p1a: Blissey
|-boost|p1a: Blissey|spa|1
|-boost|p1a: Blissey|spd|1
|
|upkeep
|turn|3
|
|t:|1728824248
|move|p1a: Blissey|Thunderbolt|p2a: Suicune
|-supereffective|p2a: Suicune
|-damage|p2a: Suicune|69/100
|move|p2a: Suicune|Roar|p1a: Blissey
|drag|p1a: Charizard|Charizard, F|100/100
|
|-heal|p2a: Suicune|75/100|[from] item: Leftovers
|upkeep
|turn|4
|
|t:|1728824259
|move|p1a: Charizard|Toxic|p2a: Suicune
|-status|p2a: Suicune|tox
|move|p2a: Suicune|Hydro Pump|p1a: Charizard
|-supereffective|p1a: Charizard
|-damage|p1a: Charizard|0 fnt
|faint|p1a: Charizard
|
|t:|1728824262
|switch|p1a: Blissey|Blissey, F|100/100
|
|-heal|p2a: Suicune|81/100 tox|[from] item: Leftovers
|-damage|p2a: Suicune|75/100 tox|[from] psn
|upkeep
|turn|5
|
|t:|1728824268
|switch|p2a: Dugtrio|Dugtrio, F|100/100
|move|p1a: Blissey|Thunderbolt|p2a: Dugtrio
|-immune|p2a: Dugtrio
|
|upkeep
|turn|6
|
|t:|1728824273
|move|p2a: Dugtrio|Earthquake|p1a: Blissey
|-damage|p1a: Blissey|42/100
|move|p1a: Blissey|Ice Beam|p2a: Dugtrio
|-supereffective|p2a: Dugtrio
|-damage|p2a: Dugtrio|5/100
|
|-heal|p1a: Blissey|48/100|[from] item: Leftovers
|upkeep
|turn|7
|
|t:|1728824280
|move|p2a: Dugtrio|Earthquake|p1a: Blissey
|-damage|p1a: Blissey|0 fnt
|faint|p1a: Blissey
|
|t:|1728824283
|switch|p1a: Tyranitar|Tyranitar, M|100/100
|-weather|Sandstorm|[from] ability: Sand Stream|[of] p1a: Tyranitar
|
|-weather|Sandstorm|[upkeep]
|upkeep
|turn|8
|c|☆kug98|fuck
|c|☆kug98|i missclicked
|
|t:|1728824295
|move|p2a: Dugtrio|Earthquake|p1a: Tyranitar
|-supereffective|p1a: Tyranitar
|-damage|p1a: Tyranitar|0 fnt
|faint|p1a: Tyranitar
|c|☆strictsceptile1|noooo
|
|t:|1728824305
|switch|p1a: Skarmory|Skarmory, F|100/100
|
|-weather|Sandstorm|[upkeep]
|upkeep
|turn|9
|
|t:|1728824311
|switch|p2a: Jirachi|Jirachi|100/100
|move|p1a: Skarmory|Spikes|p2a: Jirachi
|-sidestart|p2: strictsceptile1|Spikes
|
|-weather|Sandstorm|[upkeep]
|upkeep
|turn|10
|
|t:|1728824319
|move|p2a: Jirachi|Calm Mind|p2a: Jirachi
|-boost|p2a: Jirachi|spa|1
|-boost|p2a: Jirachi|spd|1
|move|p1a: Skarmory|Roar|p2a: Jirachi
|drag|p2a: Suicune|Suicune|75/100 tox
|-damage|p2a: Suicune|63/100 tox|[from] Spikes
|
|-weather|Sandstorm|[upkeep]
|-damage|p2a: Suicune|57/100 tox|[from] Sandstorm
|-heal|p2a: Suicune|63/100 tox|[from] item: Leftovers
|-damage|p2a: Suicune|57/100 tox|[from] psn
|upkeep
|turn|11
|
|t:|1728824324
|move|p2a: Suicune|Hydro Pump|p1a: Skarmory
|-damage|p1a: Skarmory|50/100
|move|p1a: Skarmory|Spikes|p2a: Suicune
|-sidestart|p2: strictsceptile1|Spikes
|
|-weather|Sandstorm|[upkeep]
|-damage|p2a: Suicune|51/100 tox|[from] Sandstorm
|-heal|p2a: Suicune|57/100 tox|[from] item: Leftovers
|-damage|p2a: Suicune|45/100 tox|[from] psn
|-heal|p1a: Skarmory|56/100|[from] item: Leftovers
|upkeep
|turn|12
|
|t:|1728824329
|move|p1a: Skarmory|Protect|p1a: Skarmory
|-singleturn|p1a: Skarmory|Protect
|move|p2a: Suicune|Hydro Pump|p1a: Skarmory
|-activate|p1a: Skarmory|Protect
|
|-weather|Sandstorm|[upkeep]
|-damage|p2a: Suicune|39/100 tox|[from] Sandstorm
|-heal|p2a: Suicune|45/100 tox|[from] item: Leftovers
|-damage|p2a: Suicune|27/100 tox|[from] psn
|-heal|p1a: Skarmory|62/100|[from] item: Leftovers
|upkeep
|turn|13
|
|t:|1728824337
|switch|p1a: Salamence|Salamence, F|100/100
|-ability|p1a: Salamence|Intimidate|boost
|-unboost|p2a: Suicune|atk|1
|move|p2a: Suicune|Ice Beam|p1a: Salamence
|-supereffective|p1a: Salamence
|-damage|p1a: Salamence|0 fnt
|faint|p1a: Salamence
|
|t:|1728824340
|switch|p1a: Skarmory|Skarmory, F|62/100
|
|-weather|Sandstorm|[upkeep]
|-damage|p2a: Suicune|21/100 tox|[from] Sandstorm
|-heal|p2a: Suicune|27/100 tox|[from] item: Leftovers
|-damage|p2a: Suicune|3/100 tox|[from] psn
|-heal|p1a: Skarmory|68/100|[from] item: Leftovers
|upkeep
|turn|14
|
|t:|1728824344
|move|p1a: Skarmory|Protect|p1a: Skarmory
|-singleturn|p1a: Skarmory|Protect
|move|p2a: Suicune|Ice Beam|p1a: Skarmory
|-activate|p1a: Skarmory|Protect
|
|-weather|Sandstorm|[upkeep]
|-damage|p2a: Suicune|0 fnt|[from] Sandstorm
|faint|p2a: Suicune
|-heal|p1a: Skarmory|74/100|[from] item: Leftovers
|upkeep
|
|t:|1728824356
|switch|p2a: Porygon2|Porygon2|100/100
|-damage|p2a: Porygon2|84/100|[from] Spikes
|-ability|p2a: Porygon2|Keen Eye|[from] ability: Trace|[of] p1a: Skarmory
|turn|15
|
|t:|1728824361
|move|p1a: Skarmory|Spikes|p2a: Porygon2
|-sidestart|p2: strictsceptile1|Spikes
|move|p2a: Porygon2|Thunderbolt|p1a: Skarmory
|-supereffective|p1a: Skarmory
|-damage|p1a: Skarmory|26/100
|
|-weather|Sandstorm|[upkeep]
|-damage|p2a: Porygon2|78/100|[from] Sandstorm
|-heal|p1a: Skarmory|32/100|[from] item: Leftovers
|-heal|p2a: Porygon2|84/100|[from] item: Leftovers
|upkeep
|turn|16
|
|t:|1728824366
|move|p1a: Skarmory|Protect|p1a: Skarmory
|-singleturn|p1a: Skarmory|Protect
|move|p2a: Porygon2|Thunderbolt|p1a: Skarmory
|-activate|p1a: Skarmory|Protect
|
|-weather|Sandstorm|[upkeep]
|-damage|p2a: Porygon2|78/100|[from] Sandstorm
|-heal|p1a: Skarmory|38/100|[from] item: Leftovers
|-heal|p2a: Porygon2|84/100|[from] item: Leftovers
|upkeep
|turn|17
|
|t:|1728824370
|move|p1a: Skarmory|Toxic|p2a: Porygon2
|-status|p2a: Porygon2|tox
|move|p2a: Porygon2|Thunderbolt|p1a: Skarmory
|-supereffective|p1a: Skarmory
|-damage|p1a: Skarmory|0 fnt
|faint|p1a: Skarmory
|
|t:|1728824372
|switch|p1a: Claydol|Claydol|100/100
|
|-weather|Sandstorm|[upkeep]
|-damage|p2a: Porygon2|78/100 tox|[from] Sandstorm
|-heal|p2a: Porygon2|84/100 tox|[from] item: Leftovers
|-damage|p2a: Porygon2|78/100 tox|[from] psn
|upkeep
|turn|18
|
|t:|1728824378
|move|p1a: Claydol|Earthquake|p2a: Porygon2
|-damage|p2a: Porygon2|50/100 tox
|move|p2a: Porygon2|Ice Beam|p1a: Claydol
|-supereffective|p1a: Claydol
|-damage|p1a: Claydol|57/100
|
|-weather|Sandstorm|[upkeep]
|-damage|p2a: Porygon2|44/100 tox|[from] Sandstorm
|-heal|p1a: Claydol|63/100|[from] item: Leftovers
|-heal|p2a: Porygon2|50/100 tox|[from] item: Leftovers
|-damage|p2a: Porygon2|38/100 tox|[from] psn
|upkeep
|turn|19
|
|t:|1728824384
|move|p1a: Claydol|Earthquake|p2a: Porygon2
|-crit|p2a: Porygon2
|-damage|p2a: Porygon2|0 fnt
|faint|p2a: Porygon2
|
|t:|1728824392
|switch|p2a: Raikou|Raikou|100/100
|-damage|p2a: Raikou|76/100|[from] Spikes
|
|-weather|Sandstorm|[upkeep]
|-damage|p2a: Raikou|69/100|[from] Sandstorm
|-heal|p2a: Raikou|76/100|[from] item: Leftovers
|-heal|p1a: Claydol|69/100|[from] item: Leftovers
|upkeep
|turn|20
|
|t:|1728824397
|move|p2a: Raikou|Hidden Power|p1a: Claydol
|-supereffective|p1a: Claydol
|-damage|p1a: Claydol|28/100
|move|p1a: Claydol|Earthquake|p2a: Raikou
|-supereffective|p2a: Raikou
|-damage|p2a: Raikou|0 fnt
|faint|p2a: Raikou
|
|t:|1728824403
|switch|p2a: Celebi|Celebi|100/100
|-damage|p2a: Celebi|76/100|[from] Spikes
|
|-weather|Sandstorm|[upkeep]
|-damage|p2a: Celebi|70/100|[from] Sandstorm
|-heal|p2a: Celebi|76/100|[from] item: Leftovers
|-heal|p1a: Claydol|34/100|[from] item: Leftovers
|upkeep
|turn|21
|
|t:|1728824407
|move|p2a: Celebi|Giga Drain|p1a: Claydol
|-supereffective|p1a: Claydol
|-crit|p1a: Claydol
|-damage|p1a: Claydol|0 fnt
|-heal|p2a: Celebi|90/100|[from] drain|[of] p1a: Claydol
|faint|p1a: Claydol
|
|win|strictsceptile1
|c|☆kug98|ggs
|c|☆strictsceptile1|ggs
|l|☆kug98
|player|p1|

</script>
<script type="application/json" class="data" id="replaydata-gen3ou-2221993971-3sfeilhnlytaclo3yxj5zi8bmwcy248pw">
{"id":"gen3ou-2221993971","format":"[Gen 3] OU","players":["kug98","strictsceptile1"],"uploadtime":1728824412,"views":76,"formatid":"gen3ou","rating":null,"private":1,"password":"3sfeilhnlytaclo3yxj5zi8bmwcy248"}
</script>

<script defer src="js/replays.js?9d40a366"></script>
