<!DOCTYPE html>
<meta charset="utf-8" />
<meta name="viewport" content="width=device-width" />

<title>[Gen 3] OU: kittencel vs. ChangchunDeXiannu - Replays - Pok&eacute;mon Showdown!</title>

<meta name="description" content="Watch a replay of a Pok&eacute;mon battle between kittencel and ChangchunDeXiannu! Format: [Gen 3] OU; Date: Oct 2, 2024" />
<!--

Hey, you! Looking in the source for the replay log?

You can find them in JSON format, just add `.json` at the end of a replay URL.

https://replay.pokemonshowdown.com/gen7randomdoublesbattle-865046831.json

Or, if you only need the log itself, add `.log` instead:

https://replay.pokemonshowdown.com/gen7randomdoublesbattle-865046831.log

-->

<link rel="stylesheet" href="//pokemonshowdown.com/style/global.css?0.023195364461161105" />
<link rel="stylesheet" href="//play.pokemonshowdown.com/style/font-awesome.css?0.13261647063804238" />
<link rel="stylesheet" href="//play.pokemonshowdown.com/style/battle.css?0.8753245789963631" />
<link rel="stylesheet" href="//play.pokemonshowdown.com/style/utilichart.css?0.8627959624976733" />

<!-- Global site tag (gtag.js) - Google Analytics -->
<script async src="https://www.googletagmanager.com/gtag/js?id=UA-26211653-1"></script>
<script>
  window.dataLayer = window.dataLayer || [];
  function gtag(){dataLayer.push(arguments);}
  gtag('js', new Date());

  gtag('config', 'UA-26211653-1');
</script>
<!-- End Google Analytics -->
<!-- Venatus Ad Manager - Install in <HEAD> of page -->
	<script src="https://hb.vntsm.com/v3/live/ad-manager.min.js" type="text/javascript" data-site-id="642aba63ec9a7b11c3c9c1be" data-mode="scan" async></script>
<!-- / Venatus Ad Manager -->

<style>
	@media (max-width:820px) {
		.battle {
			margin: 0 auto;
		}
		.battle-log {
			margin: 7px auto 0;
			max-width: 640px;
			height: 300px;
			position: static;
		}
	}
	.optgroup {
		display: inline-block;
		line-height: 22px;
		font-size: 10pt;
	}
	.optgroup .button {
		height: 25px;
		padding-top: 0;
		padding-bottom: 0;
	}
	.optgroup button.button {
		padding-left: 12px;
		padding-right: 12px;
	}
	.linklist {
		list-style: none;
		margin: 0.5em 0;
		padding: 0;
	}
	.linklist li {
		padding: 2px 0;
	}
	.sidebar {
		float: left;
		width: 320px;
	}
	.bar-wrapper {
		max-width: 1100px;
		margin: 0 auto;
	}
	.bar-wrapper.has-sidebar {
		max-width: 1430px;
	}
	.mainbar {
		margin: 0;
		padding-right: 1px;
	}
	.mainbar.has-sidebar {
		margin-left: 330px;
	}
	@media (min-width: 1511px) {
		.sidebar {
			width: 400px;
		}
		.bar-wrapper.has-sidebar {
			max-width: 1510px;
		}
		.mainbar.has-sidebar {
			margin-left: 410px;
		}
	}
	.section.first-section {
		margin-top: 9px;
	}
	.blocklink small {
		white-space: normal;
	}
	.button {
		vertical-align: middle;
	}
	.replay-controls {
		padding-top: 10px;
	}
	.replay-controls h1 {
		font-size: 16pt;
		font-weight: normal;
		color: #CCC;
	}
	.pagelink {
		text-align: center;
	}
	.pagelink a {
		width: 150px;
	}
	.textbox, .button {
		font-size: 11pt;
		vertical-align: middle;
	}
	@media (max-width: 450px) {
		.button {
			font-size: 9pt;
		}
	}
</style>

<div>

	<header>
		<div class="nav-wrapper"><ul class="nav">
			<li><a class="button nav-first" href="//pokemonshowdown.com/"><img src="//pokemonshowdown.com/images/pokemonshowdownbeta.png" srcset="//pokemonshowdown.com/images/pokemonshowdownbeta.png 1x, //pokemonshowdown.com/images/pokemonshowdownbeta@2x.png 2x" alt="Pok&eacute;mon Showdown" width="146" height="44" /> Home</a></li>
			<li><a class="button" href="//pokemonshowdown.com/dex/">Pok&eacute;dex</a></li>
			<li><a class="button cur" href="/">Replays</a></li>
			<li><a class="button" href="//pokemonshowdown.com/ladder/">Ladder</a></li>
			<li><a class="button nav-last" href="//pokemonshowdown.com/forums/">Forum</a></li>
			<li><a class="button greenbutton nav-first nav-last" href="//play.pokemonshowdown.com/">Play</a></li>
		</ul></div>
	</header>

	<div class="main" id="main">

		<noscript><section class="section">You need to enable JavaScript to use this page; sorry!</section></noscript>

	</div>

</div>

<script defer nomodule src="//play.pokemonshowdown.com/js/lib/ps-polyfill.js"></script>
<script defer src="//play.pokemonshowdown.com/js/lib/preact.min.js"></script>

<script defer src="//play.pokemonshowdown.com/config/config.js?2bddbc15"></script>
<script defer src="//play.pokemonshowdown.com/js/lib/jquery-1.11.0.min.js"></script>
<script defer src="//play.pokemonshowdown.com/js/lib/html-sanitizer-minified.js"></script>
<script defer src="//play.pokemonshowdown.com/js/battle-sound.js"></script>
<script defer src="//play.pokemonshowdown.com/js/battledata.js?0.7209276989879541"></script>
<script defer src="//play.pokemonshowdown.com/data/pokedex-mini.js?0.6111056340867951"></script>
<script defer src="//play.pokemonshowdown.com/data/pokedex-mini-bw.js?0.3532142036491459"></script>
<script defer src="//play.pokemonshowdown.com/data/graphics.js?0.24223875632456182"></script>
<script defer src="//play.pokemonshowdown.com/data/pokedex.js?0.38839984266356864"></script>
<script defer src="//play.pokemonshowdown.com/data/moves.js?0.21866028504024015"></script>
<script defer src="//play.pokemonshowdown.com/data/abilities.js?0.2005157953846628"></script>
<script defer src="//play.pokemonshowdown.com/data/items.js?0.9894211263848525"></script>
<script defer src="//play.pokemonshowdown.com/data/teambuilder-tables.js?0.6008791140282215"></script>
<script defer src="//play.pokemonshowdown.com/js/battle-tooltips.js?0.7580118955022959"></script>
<script defer src="//play.pokemonshowdown.com/js/battle.js?0.6057722274234274"></script>

<script defer src="js/utils.js?e31f9a17"></script>
<script defer src="js/replays-battle.js?7008c182"></script>

<!-- don't scrape this data! just add .json or .log after the URL!
Full API docs: https://github.com/smogon/pokemon-showdown-client/blob/master/WEB-API.md -->
<script type="text/plain" class="log" id="replaylog-smogtours-gen3ou-794070">
|inactive|Battle timer is ON: inactive players will automatically lose when time's up.
|t:|1727903769
|gametype|singles
|player|p1|kittencel|lady|
|player|p2|ChangchunDeXiannu|gardenia-masters|
|teamsize|p1|6
|teamsize|p2|6
|gen|3
|tier|[Gen 3] OU
|rule|Sleep Clause Mod: Limit one foe put to sleep
|rule|Switch Priority Clause Mod: Faster Pokémon switch first
|rule|Species Clause: Limit one of each Pokémon
|rule|OHKO Clause: OHKO moves are banned
|rule|Evasion Items Clause: Evasion items are banned
|rule|Evasion Moves Clause: Evasion moves are banned
|rule|Endless Battle Clause: Forcing endless battles is banned
|rule|HP Percentage Mod: HP is shown in percentages
|rule|One Boost Passer Clause: Limit one Baton Passer that has a way to boost its stats
|rule|Freeze Clause Mod: Limit one foe frozen
|
|t:|1727903769
|start
|switch|p1a: parkour pro|Metagross|100/100
|switch|p2a: Fakkass|Blaziken, M, shiny|100/100
|turn|1
|c|☆kittencel|hf
|
|t:|1727903788
|switch|p1a: water bucket|Gyarados, M|100/100
|-ability|p1a: water bucket|Intimidate|boost
|-unboost|p2a: Fakkass|atk|1
|move|p2a: Fakkass|Substitute|p2a: Fakkass
|-start|p2a: Fakkass|Substitute
|-damage|p2a: Fakkass|75/100
|
|-heal|p2a: Fakkass|82/100|[from] item: Leftovers
|upkeep
|turn|2
|c|☆ChangchunDeXiannu|u2
|
|t:|1727903799
|move|p2a: Fakkass|Fire Blast|p1a: water bucket|[miss]
|-miss|p2a: Fakkass|p1a: water bucket
|move|p1a: water bucket|Earthquake|p2a: Fakkass
|-supereffective|p2a: Fakkass
|-end|p2a: Fakkass|Substitute
|
|-heal|p2a: Fakkass|88/100|[from] item: Leftovers
|upkeep
|turn|3
|
|t:|1727903810
|switch|p2a: Fugl1|Zapdos|100/100
|move|p1a: water bucket|Dragon Dance|p1a: water bucket
|-boost|p1a: water bucket|atk|1
|-boost|p1a: water bucket|spe|1
|
|upkeep
|turn|4
|
|t:|1727903815
|switch|p1a: seawatt|Celebi|100/100
|move|p2a: Fugl1|Thunderbolt|p1a: seawatt
|-resisted|p1a: seawatt
|-damage|p1a: seawatt|77/100
|
|-heal|p1a: seawatt|83/100|[from] item: Leftovers
|upkeep
|turn|5
|
|t:|1727903822
|switch|p2a: Stuk|Skarmory, M|100/100
|move|p1a: seawatt|Ancient Power|p2a: Stuk
|-damage|p2a: Stuk|87/100
|
|-heal|p1a: seawatt|89/100|[from] item: Leftovers
|-heal|p2a: Stuk|93/100|[from] item: Leftovers
|upkeep
|turn|6
|
|t:|1727903825
|switch|p1a: parkour noob|Magneton|100/100
|move|p2a: Stuk|Spikes|p1a: parkour noob
|-sidestart|p1: kittencel|Spikes
|
|-heal|p2a: Stuk|99/100|[from] item: Leftovers
|upkeep
|turn|7
|
|t:|1727903827
|move|p2a: Stuk|Protect|p2a: Stuk
|-singleturn|p2a: Stuk|Protect
|move|p1a: parkour noob|Thunderbolt|p2a: Stuk
|-activate|p2a: Stuk|Protect
|
|-heal|p2a: Stuk|100/100|[from] item: Leftovers
|upkeep
|turn|8
|
|t:|1727903829
|move|p1a: parkour noob|Thunderbolt|p2a: Stuk
|-supereffective|p2a: Stuk
|-damage|p2a: Stuk|0 fnt
|faint|p2a: Stuk
|
|t:|1727903837
|switch|p2a: Fakkass|Blaziken, M, shiny|88/100
|
|-heal|p2a: Fakkass|94/100|[from] item: Leftovers
|upkeep
|turn|9
|
|t:|1727903840
|switch|p1a: water bucket|Gyarados, M|100/100
|-ability|p1a: water bucket|Intimidate|boost
|-unboost|p2a: Fakkass|atk|1
|move|p2a: Fakkass|Fire Blast|p1a: water bucket
|-resisted|p1a: water bucket
|-damage|p1a: water bucket|77/100
|
|-heal|p2a: Fakkass|100/100|[from] item: Leftovers
|-heal|p1a: water bucket|83/100|[from] item: Leftovers
|upkeep
|turn|10
|
|t:|1727903845
|switch|p2a: 你魚|Milotic, M|100/100
|move|p1a: water bucket|Hidden Power|p2a: 你魚
|-damage|p2a: 你魚|85/100
|
|-heal|p1a: water bucket|90/100|[from] item: Leftovers
|-heal|p2a: 你魚|91/100|[from] item: Leftovers
|upkeep
|turn|11
|
|t:|1727903849
|switch|p1a: evbo|Snorlax, M|100/100
|-damage|p1a: evbo|88/100|[from] Spikes
|move|p2a: 你魚|Surf|p1a: evbo
|-damage|p1a: evbo|71/100
|
|-heal|p2a: 你魚|97/100|[from] item: Leftovers
|-heal|p1a: evbo|77/100|[from] item: Leftovers
|upkeep
|turn|12
|
|t:|1727903853
|switch|p2a: Nja|Celebi|100/100
|move|p1a: evbo|Curse|p1a: evbo
|-unboost|p1a: evbo|spe|1
|-boost|p1a: evbo|atk|1
|-boost|p1a: evbo|def|1
|
|-heal|p1a: evbo|83/100|[from] item: Leftovers
|upkeep
|turn|13
|
|t:|1727903865
|move|p2a: Nja|Leech Seed|p1a: evbo
|-start|p1a: evbo|move: Leech Seed
|move|p1a: evbo|Return|p2a: Nja
|-damage|p2a: Nja|51/100
|
|-heal|p2a: Nja|58/100|[from] item: Leftovers
|-heal|p1a: evbo|89/100|[from] item: Leftovers
|-damage|p1a: evbo|77/100|[from] Leech Seed|[of] p2a: Nja
|-heal|p2a: Nja|72/100|[silent]
|upkeep
|turn|14
|
|t:|1727903873
|switch|p1a: seawatt|Celebi|89/100
|-damage|p1a: seawatt|77/100|[from] Spikes
|move|p2a: Nja|Recover|p2a: Nja
|-heal|p2a: Nja|100/100
|
|-heal|p1a: seawatt|83/100|[from] item: Leftovers
|upkeep
|turn|15
|
|t:|1727903876
|move|p1a: seawatt|Swords Dance|p1a: seawatt
|-boost|p1a: seawatt|atk|2
|move|p2a: Nja|Psychic|p1a: seawatt
|-resisted|p1a: seawatt
|-damage|p1a: seawatt|67/100
|
|-heal|p1a: seawatt|73/100|[from] item: Leftovers
|upkeep
|turn|16
|
|t:|1727903905
|switch|p2a: Fugl1|Zapdos|100/100
|move|p1a: seawatt|Shadow Ball|p2a: Fugl1
|-damage|p2a: Fugl1|47/100
|
|-heal|p2a: Fugl1|53/100|[from] item: Leftovers
|-heal|p1a: seawatt|79/100|[from] item: Leftovers
|upkeep
|turn|17
|
|t:|1727903917
|move|p2a: Fugl1|Hidden Power|p1a: seawatt
|-supereffective|p1a: seawatt
|-damage|p1a: seawatt|33/100
|move|p1a: seawatt|Ancient Power|p2a: Fugl1
|-supereffective|p2a: Fugl1
|-damage|p2a: Fugl1|0 fnt
|faint|p2a: Fugl1
|
|t:|1727903922
|switch|p2a: Fakkass|Blaziken, M, shiny|100/100
|
|-heal|p1a: seawatt|39/100|[from] item: Leftovers
|upkeep
|turn|18
|
|t:|1727903929
|move|p1a: seawatt|Shadow Ball|p2a: Fakkass
|-damage|p2a: Fakkass|34/100
|move|p2a: Fakkass|Fire Blast|p1a: seawatt|[miss]
|-miss|p2a: Fakkass|p1a: seawatt
|
|-heal|p1a: seawatt|45/100|[from] item: Leftovers
|-heal|p2a: Fakkass|40/100|[from] item: Leftovers
|upkeep
|turn|19
|
|t:|1727903933
|move|p1a: seawatt|Ancient Power|p2a: Fakkass
|-damage|p2a: Fakkass|0 fnt
|-boost|p1a: seawatt|atk|1
|-boost|p1a: seawatt|def|1
|-boost|p1a: seawatt|spa|1
|-boost|p1a: seawatt|spd|1
|-boost|p1a: seawatt|spe|1
|faint|p2a: Fakkass
|c|☆ChangchunDeXiannu|ggs it seems^^
|
|t:|1727903943
|switch|p2a: Kula|Claydol|100/100
|
|-heal|p1a: seawatt|51/100|[from] item: Leftovers
|upkeep
|turn|20
|c|☆kittencel|sorry for that
|
|t:|1727903946
|move|p1a: seawatt|Shadow Ball|p2a: Kula
|-supereffective|p2a: Kula
|-damage|p2a: Kula|0 fnt
|faint|p2a: Kula
|
|t:|1727903949
|switch|p2a: 你魚|Milotic, M|97/100
|
|-heal|p1a: seawatt|58/100|[from] item: Leftovers
|-heal|p2a: 你魚|100/100|[from] item: Leftovers
|upkeep
|turn|21
|
|t:|1727903951
|move|p1a: seawatt|Shadow Ball|p2a: 你魚
|-damage|p2a: 你魚|58/100
|move|p2a: 你魚|Toxic|p1a: seawatt
|-status|p1a: seawatt|tox
|
|-heal|p1a: seawatt|64/100 tox|[from] item: Leftovers
|-damage|p1a: seawatt|58/100 tox|[from] psn
|-heal|p2a: 你魚|64/100|[from] item: Leftovers
|upkeep
|turn|22
|
|t:|1727903954
|move|p1a: seawatt|Swords Dance|p1a: seawatt
|-boost|p1a: seawatt|atk|2
|move|p2a: 你魚|Surf|p1a: seawatt
|-resisted|p1a: seawatt
|-damage|p1a: seawatt|47/100 tox
|
|-heal|p1a: seawatt|53/100 tox|[from] item: Leftovers
|-damage|p1a: seawatt|41/100 tox|[from] psn
|-heal|p2a: 你魚|70/100|[from] item: Leftovers
|upkeep
|turn|23
|
|t:|1727903957
|move|p1a: seawatt|Shadow Ball|p2a: 你魚
|-damage|p2a: 你魚|11/100
|move|p2a: 你魚|Surf|p1a: seawatt
|-resisted|p1a: seawatt
|-damage|p1a: seawatt|31/100 tox
|
|-heal|p1a: seawatt|37/100 tox|[from] item: Leftovers
|-damage|p1a: seawatt|18/100 tox|[from] psn
|-heal|p2a: 你魚|17/100|[from] item: Leftovers
|upkeep
|turn|24
|
|t:|1727903960
|move|p1a: seawatt|Ancient Power|p2a: 你魚
|-damage|p2a: 你魚|0 fnt
|faint|p2a: 你魚
|
|t:|1727903961
|switch|p2a: Nja|Celebi|100/100
|
|-heal|p1a: seawatt|24/100 tox|[from] item: Leftovers
|-damage|p1a: seawatt|0 fnt|[from] psn
|faint|p1a: seawatt
|upkeep
|
|t:|1727903963
|switch|p1a: evbo|Snorlax, M|77/100
|-damage|p1a: evbo|64/100|[from] Spikes
|turn|25
|
|t:|1727903965
|move|p2a: Nja|Psychic|p1a: evbo
|-damage|p1a: evbo|45/100
|move|p1a: evbo|Self-Destruct|p2a: Nja
|-damage|p2a: Nja|0 fnt
|faint|p1a: evbo
|faint|p2a: Nja
|
|win|kittencel
|c|☆kittencel|gg
|c|☆ChangchunDeXiannu|gg

</script>
<script type="application/json" class="data" id="replaydata-smogtours-gen3ou-794070">
{"id":"smogtours-gen3ou-794070","format":"[Gen 3] OU","players":["kittencel","ChangchunDeXiannu"],"uploadtime":1727903965,"views":317,"formatid":"gen3ou","rating":null,"private":0,"password":null}
</script>

<script defer src="js/replays.js?9d40a366"></script>
