<!DOCTYPE html>
<meta charset="utf-8" />
<meta name="viewport" content="width=device-width" />

<title>[Gen 3] OU: EatYourToast vs. RodentCollector - Replays - Pok&eacute;mon Showdown!</title>

<meta name="description" content="Watch a replay of a Pok&eacute;mon battle between EatYourToast and RodentCollector! Format: [Gen 3] OU; Date: Oct 25, 2024" />
<!--

Hey, you! Looking in the source for the replay log?

You can find them in JSON format, just add `.json` at the end of a replay URL.

https://replay.pokemonshowdown.com/gen7randomdoublesbattle-865046831.json

Or, if you only need the log itself, add `.log` instead:

https://replay.pokemonshowdown.com/gen7randomdoublesbattle-865046831.log

-->

<link rel="stylesheet" href="//pokemonshowdown.com/style/global.css?0.023195364461161105" />
<link rel="stylesheet" href="//play.pokemonshowdown.com/style/font-awesome.css?0.13261647063804238" />
<link rel="stylesheet" href="//play.pokemonshowdown.com/style/battle.css?0.8753245789963631" />
<link rel="stylesheet" href="//play.pokemonshowdown.com/style/utilichart.css?0.8627959624976733" />

<!-- Global site tag (gtag.js) - Google Analytics -->
<script async src="https://www.googletagmanager.com/gtag/js?id=UA-26211653-1"></script>
<script>
  window.dataLayer = window.dataLayer || [];
  function gtag(){dataLayer.push(arguments);}
  gtag('js', new Date());

  gtag('config', 'UA-26211653-1');
</script>
<!-- End Google Analytics -->
<!-- Venatus Ad Manager - Install in <HEAD> of page -->
	<script src="https://hb.vntsm.com/v3/live/ad-manager.min.js" type="text/javascript" data-site-id="642aba63ec9a7b11c3c9c1be" data-mode="scan" async></script>
<!-- / Venatus Ad Manager -->

<style>
	@media (max-width:820px) {
		.battle {
			margin: 0 auto;
		}
		.battle-log {
			margin: 7px auto 0;
			max-width: 640px;
			height: 300px;
			position: static;
		}
	}
	.optgroup {
		display: inline-block;
		line-height: 22px;
		font-size: 10pt;
	}
	.optgroup .button {
		height: 25px;
		padding-top: 0;
		padding-bottom: 0;
	}
	.optgroup button.button {
		padding-left: 12px;
		padding-right: 12px;
	}
	.linklist {
		list-style: none;
		margin: 0.5em 0;
		padding: 0;
	}
	.linklist li {
		padding: 2px 0;
	}
	.sidebar {
		float: left;
		width: 320px;
	}
	.bar-wrapper {
		max-width: 1100px;
		margin: 0 auto;
	}
	.bar-wrapper.has-sidebar {
		max-width: 1430px;
	}
	.mainbar {
		margin: 0;
		padding-right: 1px;
	}
	.mainbar.has-sidebar {
		margin-left: 330px;
	}
	@media (min-width: 1511px) {
		.sidebar {
			width: 400px;
		}
		.bar-wrapper.has-sidebar {
			max-width: 1510px;
		}
		.mainbar.has-sidebar {
			margin-left: 410px;
		}
	}
	.section.first-section {
		margin-top: 9px;
	}
	.blocklink small {
		white-space: normal;
	}
	.button {
		vertical-align: middle;
	}
	.replay-controls {
		padding-top: 10px;
	}
	.replay-controls h1 {
		font-size: 16pt;
		font-weight: normal;
		color: #CCC;
	}
	.pagelink {
		text-align: center;
	}
	.pagelink a {
		width: 150px;
	}
	.textbox, .button {
		font-size: 11pt;
		vertical-align: middle;
	}
	@media (max-width: 450px) {
		.button {
			font-size: 9pt;
		}
	}
</style>

<div>

	<header>
		<div class="nav-wrapper"><ul class="nav">
			<li><a class="button nav-first" href="//pokemonshowdown.com/"><img src="//pokemonshowdown.com/images/pokemonshowdownbeta.png" srcset="//pokemonshowdown.com/images/pokemonshowdownbeta.png 1x, //pokemonshowdown.com/images/pokemonshowdownbeta@2x.png 2x" alt="Pok&eacute;mon Showdown" width="146" height="44" /> Home</a></li>
			<li><a class="button" href="//pokemonshowdown.com/dex/">Pok&eacute;dex</a></li>
			<li><a class="button cur" href="/">Replays</a></li>
			<li><a class="button" href="//pokemonshowdown.com/ladder/">Ladder</a></li>
			<li><a class="button nav-last" href="//pokemonshowdown.com/forums/">Forum</a></li>
			<li><a class="button greenbutton nav-first nav-last" href="//play.pokemonshowdown.com/">Play</a></li>
		</ul></div>
	</header>

	<div class="main" id="main">

		<noscript><section class="section">You need to enable JavaScript to use this page; sorry!</section></noscript>

	</div>

</div>

<script defer nomodule src="//play.pokemonshowdown.com/js/lib/ps-polyfill.js"></script>
<script defer src="//play.pokemonshowdown.com/js/lib/preact.min.js"></script>

<script defer src="//play.pokemonshowdown.com/config/config.js?2bddbc15"></script>
<script defer src="//play.pokemonshowdown.com/js/lib/jquery-1.11.0.min.js"></script>
<script defer src="//play.pokemonshowdown.com/js/lib/html-sanitizer-minified.js"></script>
<script defer src="//play.pokemonshowdown.com/js/battle-sound.js"></script>
<script defer src="//play.pokemonshowdown.com/js/battledata.js?0.7209276989879541"></script>
<script defer src="//play.pokemonshowdown.com/data/pokedex-mini.js?0.6111056340867951"></script>
<script defer src="//play.pokemonshowdown.com/data/pokedex-mini-bw.js?0.3532142036491459"></script>
<script defer src="//play.pokemonshowdown.com/data/graphics.js?0.24223875632456182"></script>
<script defer src="//play.pokemonshowdown.com/data/pokedex.js?0.38839984266356864"></script>
<script defer src="//play.pokemonshowdown.com/data/moves.js?0.21866028504024015"></script>
<script defer src="//play.pokemonshowdown.com/data/abilities.js?0.2005157953846628"></script>
<script defer src="//play.pokemonshowdown.com/data/items.js?0.9894211263848525"></script>
<script defer src="//play.pokemonshowdown.com/data/teambuilder-tables.js?0.6008791140282215"></script>
<script defer src="//play.pokemonshowdown.com/js/battle-tooltips.js?0.7580118955022959"></script>
<script defer src="//play.pokemonshowdown.com/js/battle.js?0.6057722274234274"></script>

<script defer src="js/utils.js?e31f9a17"></script>
<script defer src="js/replays-battle.js?7008c182"></script>

<!-- don't scrape this data! just add .json or .log after the URL!
Full API docs: https://github.com/smogon/pokemon-showdown-client/blob/master/WEB-API.md -->
<script type="text/plain" class="log" id="replaylog-smogtours-gen3ou-801953">
|inactive|Battle timer is ON: inactive players will automatically lose when time's up.
|t:|1729894124
|gametype|singles
|player|p1|EatYourToast|clown|
|player|p2|RodentCollector|bugcatcher-gen4dp|
|teamsize|p1|6
|teamsize|p2|6
|gen|3
|tier|[Gen 3] OU
|rule|Sleep Clause Mod: Limit one foe put to sleep
|rule|Switch Priority Clause Mod: Faster Pokémon switch first
|rule|Species Clause: Limit one of each Pokémon
|rule|OHKO Clause: OHKO moves are banned
|rule|Evasion Items Clause: Evasion items are banned
|rule|Evasion Moves Clause: Evasion moves are banned
|rule|Endless Battle Clause: Forcing endless battles is banned
|rule|HP Percentage Mod: HP is shown in percentages
|rule|One Boost Passer Clause: Limit one Baton Passer that has a way to boost its stats
|rule|Freeze Clause Mod: Limit one foe frozen
|
|t:|1729894124
|start
|switch|p1a: Captain Crunch|Tyranitar, M|100/100
|switch|p2a: Zapdos|Zapdos|100/100
|-weather|Sandstorm|[from] ability: Sand Stream|[of] p1a: Captain Crunch
|turn|1
|c|☆RodentCollector|glhf
|c|☆EatYourToast|you too
|inactive|RodentCollector has 270 seconds left.
|
|t:|1729894162
|switch|p2a: Metagross|Metagross|100/100
|move|p1a: Captain Crunch|Dragon Dance|p1a: Captain Crunch
|-boost|p1a: Captain Crunch|atk|1
|-boost|p1a: Captain Crunch|spe|1
|
|-weather|Sandstorm|[upkeep]
|upkeep
|turn|2
|
|t:|1729894170
|switch|p1a: Life of the Party|Swampert, F|100/100
|move|p2a: Metagross|Meteor Mash|p1a: Life of the Party
|-resisted|p1a: Life of the Party
|-damage|p1a: Life of the Party|85/100
|-boost|p2a: Metagross|atk|1
|
|-weather|Sandstorm|[upkeep]
|-heal|p1a: Life of the Party|91/100|[from] item: Leftovers
|upkeep
|turn|3
|
|t:|1729894186
|switch|p2a: Zapdos|Zapdos|100/100
|move|p1a: Life of the Party|Protect||[still]
|-fail|p1a: Life of the Party
|
|-weather|Sandstorm|[upkeep]
|-damage|p2a: Zapdos|94/100|[from] Sandstorm
|-heal|p2a: Zapdos|100/100|[from] item: Leftovers
|-heal|p1a: Life of the Party|98/100|[from] item: Leftovers
|upkeep
|turn|4
|
|t:|1729894198
|switch|p1a: Captain Crunch|Tyranitar, M|100/100
|move|p2a: Zapdos|Hidden Power|p1a: Captain Crunch
|-supereffective|p1a: Captain Crunch
|-damage|p1a: Captain Crunch|54/100
|
|-weather|Sandstorm|[upkeep]
|-damage|p2a: Zapdos|94/100|[from] Sandstorm
|-heal|p2a: Zapdos|100/100|[from] item: Leftovers
|upkeep
|turn|5
|
|t:|1729894208
|switch|p2a: Claydol|Claydol|100/100
|move|p1a: Captain Crunch|Rock Slide|p2a: Claydol
|-resisted|p2a: Claydol
|-damage|p2a: Claydol|81/100
|
|-weather|Sandstorm|[upkeep]
|-heal|p2a: Claydol|87/100|[from] item: Leftovers
|upkeep
|turn|6
|
|t:|1729894220
|move|p2a: Claydol|Earthquake|p1a: Captain Crunch
|-supereffective|p1a: Captain Crunch
|-damage|p1a: Captain Crunch|0 fnt
|faint|p1a: Captain Crunch
|c|☆EatYourToast|damb
|
|t:|1729894230
|switch|p1a: America's Dragon|Salamence, M|100/100
|-ability|p1a: America's Dragon|Intimidate|boost
|-unboost|p2a: Claydol|atk|1
|
|-weather|Sandstorm|[upkeep]
|-damage|p1a: America's Dragon|94/100|[from] Sandstorm
|-heal|p1a: America's Dragon|100/100|[from] item: Leftovers
|-heal|p2a: Claydol|93/100|[from] item: Leftovers
|upkeep
|turn|7
|
|t:|1729894249
|switch|p1a: Life of the Party|Swampert, F|98/100
|switch|p2a: Suicune|Suicune|100/100
|
|-weather|Sandstorm|[upkeep]
|-damage|p2a: Suicune|94/100|[from] Sandstorm
|-heal|p2a: Suicune|100/100|[from] item: Leftovers
|-heal|p1a: Life of the Party|100/100|[from] item: Leftovers
|upkeep
|turn|8
|
|t:|1729894257
|move|p2a: Suicune|Substitute|p2a: Suicune
|-start|p2a: Suicune|Substitute
|-damage|p2a: Suicune|76/100
|move|p1a: Life of the Party|Toxic||[still]
|-fail|p1a: Life of the Party
|
|-weather|Sandstorm|[upkeep]
|-damage|p2a: Suicune|69/100|[from] Sandstorm
|-heal|p2a: Suicune|76/100|[from] item: Leftovers
|upkeep
|turn|9
|
|t:|1729894274
|move|p2a: Suicune|Calm Mind|p2a: Suicune
|-boost|p2a: Suicune|spa|1
|-boost|p2a: Suicune|spd|1
|move|p1a: Life of the Party|Surf|p2a: Suicune
|-resisted|p2a: Suicune
|-activate|p2a: Suicune|Substitute|[damage]
|
|-weather|Sandstorm|[upkeep]
|-damage|p2a: Suicune|69/100|[from] Sandstorm
|-heal|p2a: Suicune|76/100|[from] item: Leftovers
|upkeep
|turn|10
|
|t:|1729894283
|move|p2a: Suicune|Calm Mind|p2a: Suicune
|-boost|p2a: Suicune|spa|1
|-boost|p2a: Suicune|spd|1
|move|p1a: Life of the Party|Surf|p2a: Suicune
|-resisted|p2a: Suicune
|-activate|p2a: Suicune|Substitute|[damage]
|
|-weather|Sandstorm|[upkeep]
|-damage|p2a: Suicune|69/100|[from] Sandstorm
|-heal|p2a: Suicune|76/100|[from] item: Leftovers
|upkeep
|turn|11
|
|t:|1729894292
|move|p2a: Suicune|Calm Mind|p2a: Suicune
|-boost|p2a: Suicune|spa|1
|-boost|p2a: Suicune|spd|1
|move|p1a: Life of the Party|Surf|p2a: Suicune
|-resisted|p2a: Suicune
|-activate|p2a: Suicune|Substitute|[damage]
|
|-weather|Sandstorm|[upkeep]
|-damage|p2a: Suicune|69/100|[from] Sandstorm
|-heal|p2a: Suicune|76/100|[from] item: Leftovers
|upkeep
|turn|12
|
|t:|1729894302
|move|p2a: Suicune|Calm Mind|p2a: Suicune
|-boost|p2a: Suicune|spa|1
|-boost|p2a: Suicune|spd|1
|move|p1a: Life of the Party|Surf|p2a: Suicune
|-resisted|p2a: Suicune
|-activate|p2a: Suicune|Substitute|[damage]
|
|-weather|Sandstorm|[upkeep]
|-damage|p2a: Suicune|69/100|[from] Sandstorm
|-heal|p2a: Suicune|76/100|[from] item: Leftovers
|upkeep
|turn|13
|c|☆EatYourToast|well this is certainly something
|
|t:|1729894320
|move|p2a: Suicune|Hydro Pump|p1a: Life of the Party
|-damage|p1a: Life of the Party|0 fnt
|faint|p1a: Life of the Party
|inactive|EatYourToast has 270 seconds left.
|
|t:|1729894348
|switch|p1a: Dugdugdug|Dugtrio, F|100/100
|
|-weather|Sandstorm|[upkeep]
|-damage|p2a: Suicune|69/100|[from] Sandstorm
|-heal|p2a: Suicune|76/100|[from] item: Leftovers
|upkeep
|turn|14
|inactive|EatYourToast has 270 seconds left.
|
|t:|1729894354
|move|p1a: Dugdugdug|Earthquake|p2a: Suicune
|-end|p2a: Suicune|Substitute
|move|p2a: Suicune|Ice Beam|p1a: Dugdugdug
|-supereffective|p1a: Dugdugdug
|-damage|p1a: Dugdugdug|0 fnt
|faint|p1a: Dugdugdug
|inactive|EatYourToast has 270 seconds left.
|inactive|EatYourToast has 240 seconds left.
|
|t:|1729894394
|switch|p1a: Grr angery|Aerodactyl, M|100/100
|
|-weather|Sandstorm|[upkeep]
|-damage|p2a: Suicune|69/100|[from] Sandstorm
|-heal|p2a: Suicune|76/100|[from] item: Leftovers
|upkeep
|turn|15
|inactive|EatYourToast has 240 seconds left.
|
|t:|1729894402
|move|p1a: Grr angery|Double-Edge|p2a: Suicune
|-damage|p2a: Suicune|25/100
|move|p2a: Suicune|Ice Beam|p1a: Grr angery
|-supereffective|p1a: Grr angery
|-damage|p1a: Grr angery|0 fnt
|faint|p1a: Grr angery
|inactive|EatYourToast has 240 seconds left.
|
|t:|1729894431
|switch|p1a: The Guy.|Electrode|100/100
|
|-weather|Sandstorm|[upkeep]
|-damage|p1a: The Guy.|94/100|[from] Sandstorm
|-damage|p2a: Suicune|18/100|[from] Sandstorm
|-heal|p1a: The Guy.|100/100|[from] item: Leftovers
|-heal|p2a: Suicune|25/100|[from] item: Leftovers
|upkeep
|turn|16
|
|t:|1729894438
|move|p1a: The Guy.|Substitute|p1a: The Guy.
|-start|p1a: The Guy.|Substitute
|-damage|p1a: The Guy.|76/100
|move|p2a: Suicune|Hydro Pump|p1a: The Guy.
|-end|p1a: The Guy.|Substitute
|
|-weather|Sandstorm|[upkeep]
|-damage|p1a: The Guy.|69/100|[from] Sandstorm
|-damage|p2a: Suicune|18/100|[from] Sandstorm
|-heal|p1a: The Guy.|76/100|[from] item: Leftovers
|-heal|p2a: Suicune|25/100|[from] item: Leftovers
|upkeep
|turn|17
|
|t:|1729894448
|move|p1a: The Guy.|Thunderbolt|p2a: Suicune
|-supereffective|p2a: Suicune
|-damage|p2a: Suicune|3/100
|-status|p2a: Suicune|par
|move|p2a: Suicune|Ice Beam|p1a: The Guy.
|-damage|p1a: The Guy.|0 fnt
|faint|p1a: The Guy.
|
|t:|1729894456
|switch|p1a: America's Dragon|Salamence, M|100/100
|-ability|p1a: America's Dragon|Intimidate|boost
|-unboost|p2a: Suicune|atk|1
|
|-weather|Sandstorm|[upkeep]
|-damage|p1a: America's Dragon|94/100|[from] Sandstorm
|-damage|p2a: Suicune|0 fnt|[from] Sandstorm
|faint|p2a: Suicune
|-heal|p1a: America's Dragon|100/100|[from] item: Leftovers
|upkeep
|c|☆EatYourToast|welp
|
|t:|1729894465
|switch|p2a: Claydol|Claydol|93/100
|turn|18
|c|☆EatYourToast|he's got it
|
|t:|1729894467
|move|p1a: America's Dragon|Hydro Pump|p2a: Claydol
|-supereffective|p2a: Claydol
|-damage|p2a: Claydol|7/100
|move|p2a: Claydol|Explosion|p1a: America's Dragon
|-damage|p1a: America's Dragon|0 fnt
|faint|p2a: Claydol
|faint|p1a: America's Dragon
|
|win|RodentCollector
|c|☆EatYourToast|gg
|c|☆RodentCollector|gg

</script>
<script type="application/json" class="data" id="replaydata-smogtours-gen3ou-801953">
{"id":"smogtours-gen3ou-801953","format":"[Gen 3] OU","players":["EatYourToast","RodentCollector"],"uploadtime":1729894467,"views":98,"formatid":"gen3ou","rating":null,"private":0,"password":null}
</script>

<script defer src="js/replays.js?9d40a366"></script>
