<!DOCTYPE html>
<meta charset="utf-8" />
<meta name="viewport" content="width=device-width" />

<title>[Gen 3] OU: violet river vs. Sificon~ - Replays - Pok&eacute;mon Showdown!</title>

<meta name="description" content="Watch a replay of a Pok&eacute;mon battle between violet river and Sificon~! Format: [Gen 3] OU; Date: Nov 13, 2024" />
<!--

Hey, you! Looking in the source for the replay log?

You can find them in JSON format, just add `.json` at the end of a replay URL.

https://replay.pokemonshowdown.com/gen7randomdoublesbattle-865046831.json

Or, if you only need the log itself, add `.log` instead:

https://replay.pokemonshowdown.com/gen7randomdoublesbattle-865046831.log

-->

<link rel="stylesheet" href="//pokemonshowdown.com/style/global.css?0.767286132409787" />
<link rel="stylesheet" href="//play.pokemonshowdown.com/style/font-awesome.css?0.9266228007934947" />
<link rel="stylesheet" href="//play.pokemonshowdown.com/style/battle.css?0.7924700842790926" />
<link rel="stylesheet" href="//play.pokemonshowdown.com/style/utilichart.css?0.8777417872839479" />

<!-- Global site tag (gtag.js) - Google Analytics -->
<script async src="https://www.googletagmanager.com/gtag/js?id=UA-26211653-1"></script>
<script>
  window.dataLayer = window.dataLayer || [];
  function gtag(){dataLayer.push(arguments);}
  gtag('js', new Date());

  gtag('config', 'UA-26211653-1');
</script>
<!-- End Google Analytics -->
<!-- Venatus Ad Manager - Install in <HEAD> of page -->
	<script src="https://hb.vntsm.com/v3/live/ad-manager.min.js" type="text/javascript" data-site-id="642aba63ec9a7b11c3c9c1be" data-mode="scan" async></script>
<!-- / Venatus Ad Manager -->

<style>
	@media (max-width:820px) {
		.battle {
			margin: 0 auto;
		}
		.battle-log {
			margin: 7px auto 0;
			max-width: 640px;
			height: 300px;
			position: static;
		}
	}
	.optgroup {
		display: inline-block;
		line-height: 22px;
		font-size: 10pt;
	}
	.optgroup .button {
		height: 25px;
		padding-top: 0;
		padding-bottom: 0;
	}
	.optgroup button.button {
		padding-left: 12px;
		padding-right: 12px;
	}
	.linklist {
		list-style: none;
		margin: 0.5em 0;
		padding: 0;
	}
	.linklist li {
		padding: 2px 0;
	}
	.sidebar {
		float: left;
		width: 320px;
	}
	.bar-wrapper {
		max-width: 1100px;
		margin: 0 auto;
	}
	.bar-wrapper.has-sidebar {
		max-width: 1430px;
	}
	.mainbar {
		margin: 0;
		padding-right: 1px;
	}
	.mainbar.has-sidebar {
		margin-left: 330px;
	}
	@media (min-width: 1511px) {
		.sidebar {
			width: 400px;
		}
		.bar-wrapper.has-sidebar {
			max-width: 1510px;
		}
		.mainbar.has-sidebar {
			margin-left: 410px;
		}
	}
	.section.first-section {
		margin-top: 9px;
	}
	.blocklink small {
		white-space: normal;
	}
	.button {
		vertical-align: middle;
	}
	.replay-controls {
		padding-top: 10px;
	}
	.replay-controls h1 {
		font-size: 16pt;
		font-weight: normal;
		color: #CCC;
	}
	.pagelink {
		text-align: center;
	}
	.pagelink a {
		width: 150px;
	}
	.textbox, .button {
		font-size: 11pt;
		vertical-align: middle;
	}
	@media (max-width: 450px) {
		.button {
			font-size: 9pt;
		}
	}
</style>

<div>

	<header>
		<div class="nav-wrapper"><ul class="nav">
			<li><a class="button nav-first" href="//pokemonshowdown.com/"><img src="//pokemonshowdown.com/images/pokemonshowdownbeta.png" srcset="//pokemonshowdown.com/images/pokemonshowdownbeta.png 1x, //pokemonshowdown.com/images/pokemonshowdownbeta@2x.png 2x" alt="Pok&eacute;mon Showdown" width="146" height="44" /> Home</a></li>
			<li><a class="button" href="//pokemonshowdown.com/dex/">Pok&eacute;dex</a></li>
			<li><a class="button cur" href="/">Replays</a></li>
			<li><a class="button" href="//pokemonshowdown.com/ladder/">Ladder</a></li>
			<li><a class="button nav-last" href="//pokemonshowdown.com/forums/">Forum</a></li>
			<li><a class="button greenbutton nav-first nav-last" href="//play.pokemonshowdown.com/">Play</a></li>
		</ul></div>
	</header>

	<div class="main" id="main">

		<noscript><section class="section">You need to enable JavaScript to use this page; sorry!</section></noscript>

	</div>

</div>

<script defer nomodule src="//play.pokemonshowdown.com/js/lib/ps-polyfill.js"></script>
<script defer src="//play.pokemonshowdown.com/js/lib/preact.min.js"></script>

<script defer src="//play.pokemonshowdown.com/config/config.js?6dec07f6"></script>
<script defer src="//play.pokemonshowdown.com/js/lib/jquery-1.11.0.min.js"></script>
<script defer src="//play.pokemonshowdown.com/js/lib/html-sanitizer-minified.js"></script>
<script defer src="//play.pokemonshowdown.com/js/battle-sound.js"></script>
<script defer src="//play.pokemonshowdown.com/js/battledata.js?0.6315294753075389"></script>
<script defer src="//play.pokemonshowdown.com/data/pokedex-mini.js?0.7603743185311358"></script>
<script defer src="//play.pokemonshowdown.com/data/pokedex-mini-bw.js?0.030888842834281283"></script>
<script defer src="//play.pokemonshowdown.com/data/graphics.js?0.05593094747507488"></script>
<script defer src="//play.pokemonshowdown.com/data/pokedex.js?0.47064822249611904"></script>
<script defer src="//play.pokemonshowdown.com/data/moves.js?0.8583693120512459"></script>
<script defer src="//play.pokemonshowdown.com/data/abilities.js?0.16017181182386842"></script>
<script defer src="//play.pokemonshowdown.com/data/items.js?0.4163379185673943"></script>
<script defer src="//play.pokemonshowdown.com/data/teambuilder-tables.js?0.31075597372830477"></script>
<script defer src="//play.pokemonshowdown.com/js/battle-tooltips.js?0.6536193500708172"></script>
<script defer src="//play.pokemonshowdown.com/js/battle.js?0.1916591943277901"></script>

<script defer src="js/utils.js?e31f9a17"></script>
<script defer src="js/replays-battle.js?7008c182"></script>

<!-- don't scrape this data! just add .json or .log after the URL!
Full API docs: https://github.com/smogon/pokemon-showdown-client/blob/master/WEB-API.md -->
<script type="text/plain" class="log" id="replaylog-smogtours-gen3ou-806135">
|inactive|Battle timer is ON: inactive players will automatically lose when time's up.
|t:|1731497450
|gametype|singles
|player|p1|violet river|jasmine-masters2|
|player|p2|Sificon~|#sificon|
|teamsize|p1|6
|teamsize|p2|6
|gen|3
|tier|[Gen 3] OU
|rule|Sleep Clause Mod: Limit one foe put to sleep
|rule|Switch Priority Clause Mod: Faster Pokémon switch first
|rule|Species Clause: Limit one of each Pokémon
|rule|OHKO Clause: OHKO moves are banned
|rule|Evasion Items Clause: Evasion items are banned
|rule|Evasion Moves Clause: Evasion moves are banned
|rule|Endless Battle Clause: Forcing endless battles is banned
|rule|HP Percentage Mod: HP is shown in percentages
|rule|One Boost Passer Clause: Limit one Baton Passer that has a way to boost its stats
|rule|Freeze Clause Mod: Limit one foe frozen
|
|t:|1731497450
|start
|switch|p1a: Crapbo|Swampert, F|100/100
|switch|p2a: Zeus|Zapdos|100/100
|turn|1
|c|☆violet river|hfhf
|c|☆Sificon~|hf
|
|t:|1731497465
|switch|p1a: Dumbest Girl Alive|Jolteon, F|100/100
|move|p2a: Zeus|Substitute|p2a: Zeus
|-start|p2a: Zeus|Substitute
|-damage|p2a: Zeus|76/100
|
|-heal|p2a: Zeus|82/100|[from] item: Leftovers
|upkeep
|turn|2
|
|t:|1731497484
|move|p1a: Dumbest Girl Alive|Thunderbolt|p2a: Zeus
|-end|p2a: Zeus|Substitute
|move|p2a: Zeus|Baton Pass|p2a: Zeus
|inactive|Sificon~ has 270 seconds left.
|
|t:|1731497521
|switch|p2a: Lockdown|Dugtrio, M|100/100|[from] Baton Pass
|
|upkeep
|turn|3
|
|t:|1731497535
|move|p1a: Dumbest Girl Alive|Baton Pass|p1a: Dumbest Girl Alive
|
|t:|1731497540
|switch|p1a: SHUT ME OFF|Celebi|100/100|[from] Baton Pass
|move|p2a: Lockdown|Earthquake|p1a: SHUT ME OFF
|-resisted|p1a: SHUT ME OFF
|-damage|p1a: SHUT ME OFF|78/100
|
|-heal|p1a: SHUT ME OFF|84/100|[from] item: Leftovers
|upkeep
|turn|4
|
|t:|1731497547
|switch|p2a: Fruhdazi|Celebi|100/100
|move|p1a: SHUT ME OFF|Calm Mind|p1a: SHUT ME OFF
|-boost|p1a: SHUT ME OFF|spa|1
|-boost|p1a: SHUT ME OFF|spd|1
|
|-heal|p1a: SHUT ME OFF|90/100|[from] item: Leftovers
|upkeep
|turn|5
|
|t:|1731497553
|switch|p2a: Zeus|Zapdos|82/100
|move|p1a: SHUT ME OFF|Substitute|p1a: SHUT ME OFF
|-start|p1a: SHUT ME OFF|Substitute
|-damage|p1a: SHUT ME OFF|66/100
|
|-heal|p1a: SHUT ME OFF|72/100|[from] item: Leftovers
|-heal|p2a: Zeus|88/100|[from] item: Leftovers
|upkeep
|turn|6
|
|t:|1731497558
|move|p1a: SHUT ME OFF|Calm Mind|p1a: SHUT ME OFF
|-boost|p1a: SHUT ME OFF|spa|1
|-boost|p1a: SHUT ME OFF|spd|1
|move|p2a: Zeus|Hidden Power|p1a: SHUT ME OFF
|-supereffective|p1a: SHUT ME OFF
|-end|p1a: SHUT ME OFF|Substitute
|
|-heal|p1a: SHUT ME OFF|78/100|[from] item: Leftovers
|-heal|p2a: Zeus|94/100|[from] item: Leftovers
|upkeep
|turn|7
|
|t:|1731497567
|move|p1a: SHUT ME OFF|Substitute|p1a: SHUT ME OFF
|-start|p1a: SHUT ME OFF|Substitute
|-damage|p1a: SHUT ME OFF|53/100
|move|p2a: Zeus|Substitute|p2a: Zeus
|-start|p2a: Zeus|Substitute
|-damage|p2a: Zeus|69/100
|
|-heal|p1a: SHUT ME OFF|59/100|[from] item: Leftovers
|-heal|p2a: Zeus|76/100|[from] item: Leftovers
|upkeep
|turn|8
|
|t:|1731497574
|move|p1a: SHUT ME OFF|Calm Mind|p1a: SHUT ME OFF
|-boost|p1a: SHUT ME OFF|spa|1
|-boost|p1a: SHUT ME OFF|spd|1
|move|p2a: Zeus|Hidden Power|p1a: SHUT ME OFF
|-supereffective|p1a: SHUT ME OFF
|-crit|p1a: SHUT ME OFF
|-end|p1a: SHUT ME OFF|Substitute
|
|-heal|p1a: SHUT ME OFF|65/100|[from] item: Leftovers
|-heal|p2a: Zeus|82/100|[from] item: Leftovers
|upkeep
|turn|9
|
|t:|1731497577
|move|p1a: SHUT ME OFF|Substitute|p1a: SHUT ME OFF
|-start|p1a: SHUT ME OFF|Substitute
|-damage|p1a: SHUT ME OFF|40/100
|move|p2a: Zeus|Baton Pass|p2a: Zeus
|
|t:|1731497579
|switch|p2a: Lockdown|Dugtrio, M|100/100|[from] Baton Pass
|
|-heal|p1a: SHUT ME OFF|47/100|[from] item: Leftovers
|upkeep
|turn|10
|
|t:|1731497582
|move|p2a: Lockdown|Hidden Power|p1a: SHUT ME OFF
|-supereffective|p1a: SHUT ME OFF
|-end|p1a: SHUT ME OFF|Substitute
|move|p1a: SHUT ME OFF|Baton Pass|p1a: SHUT ME OFF
|
|t:|1731497585
|switch|p1a: Dumbest Girl Alive|Jolteon, F|100/100|[from] Baton Pass
|
|upkeep
|turn|11
|
|t:|1731497589
|move|p1a: Dumbest Girl Alive|Hidden Power|p2a: Lockdown
|-supereffective|p2a: Lockdown
|-end|p2a: Lockdown|Substitute
|move|p2a: Lockdown|Hidden Power|p1a: Dumbest Girl Alive
|-damage|p1a: Dumbest Girl Alive|58/100
|
|-heal|p1a: Dumbest Girl Alive|64/100|[from] item: Leftovers
|upkeep
|turn|12
|
|t:|1731497611
|switch|p2a: Zeus|Zapdos|82/100
|move|p1a: Dumbest Girl Alive|Substitute|p1a: Dumbest Girl Alive
|-start|p1a: Dumbest Girl Alive|Substitute
|-damage|p1a: Dumbest Girl Alive|39/100
|
|-heal|p1a: Dumbest Girl Alive|46/100|[from] item: Leftovers
|-heal|p2a: Zeus|88/100|[from] item: Leftovers
|upkeep
|turn|13
|
|t:|1731497620
|move|p1a: Dumbest Girl Alive|Thunderbolt|p2a: Zeus
|-damage|p2a: Zeus|0 fnt
|faint|p2a: Zeus
|
|t:|1731497628
|switch|p2a: RomanReigns|Swampert, M|100/100
|
|-heal|p1a: Dumbest Girl Alive|52/100|[from] item: Leftovers
|upkeep
|turn|14
|
|t:|1731497631
|move|p1a: Dumbest Girl Alive|Hidden Power|p2a: RomanReigns
|-supereffective|p2a: RomanReigns
|-damage|p2a: RomanReigns|0 fnt
|faint|p2a: RomanReigns
|c|☆violet river|gg?
|
|t:|1731497642
|switch|p2a: Fruhdazi|Celebi|100/100
|
|-heal|p1a: Dumbest Girl Alive|58/100|[from] item: Leftovers
|upkeep
|turn|15
|
|t:|1731497647
|move|p1a: Dumbest Girl Alive|Baton Pass|p1a: Dumbest Girl Alive
|
|t:|1731497648
|switch|p1a: Liquid Flame|Charizard, F|100/100|[from] Baton Pass
|move|p2a: Fruhdazi|Calm Mind|p2a: Fruhdazi
|-boost|p2a: Fruhdazi|spa|1
|-boost|p2a: Fruhdazi|spd|1
|
|upkeep
|turn|16
|
|t:|1731497653
|move|p1a: Liquid Flame|Flamethrower|p2a: Fruhdazi
|-supereffective|p2a: Fruhdazi
|-damage|p2a: Fruhdazi|0 fnt
|faint|p2a: Fruhdazi
|
|t:|1731497656
|switch|p2a: TheAbyss|Kingdra, F|100/100
|
|upkeep
|turn|17
|
|t:|1731497658
|move|p1a: Liquid Flame|Dragon Claw|p2a: TheAbyss
|-supereffective|p2a: TheAbyss
|-damage|p2a: TheAbyss|0 fnt
|faint|p2a: TheAbyss
|
|t:|1731497661
|switch|p2a: TexMex|Ludicolo, M, shiny|100/100
|
|upkeep
|turn|18
|
|t:|1731497663
|move|p1a: Liquid Flame|Flamethrower|p2a: TexMex
|-damage|p2a: TexMex|0 fnt
|faint|p2a: TexMex
|
|t:|1731497666
|switch|p2a: Lockdown|Dugtrio, M|100/100
|
|upkeep
|turn|19
|
|t:|1731497670
|move|p2a: Lockdown|Aerial Ace|p1a: Liquid Flame
|-end|p1a: Liquid Flame|Substitute
|move|p1a: Liquid Flame|Hidden Power|p2a: Lockdown
|-supereffective|p2a: Lockdown
|-damage|p2a: Lockdown|0 fnt
|faint|p2a: Lockdown
|
|win|violet river
|player|p1|
|c|☆Sificon~|gg
|player|p2|
|player|p2|Sificon~|#sificon|

</script>
<script type="application/json" class="data" id="replaydata-smogtours-gen3ou-806135">
{"id":"smogtours-gen3ou-806135","format":"[Gen 3] OU","players":["violet river","Sificon~"],"uploadtime":1731497670,"views":7,"formatid":"gen3ou","rating":null,"private":0,"password":null}
</script>

<script defer src="js/replays.js?9d40a366"></script>
