<!DOCTYPE html>
<meta charset="utf-8" />
<meta name="viewport" content="width=device-width" />

<title>[Gen 3] OU: wizzyhatg vs. Axselo - Replays - Pok&eacute;mon Showdown!</title>

<meta name="description" content="Watch a replay of a Pok&eacute;mon battle between wizzyhatg and Axselo! Format: [Gen 3] OU; Date: Oct 12, 2024" />
<!--

Hey, you! Looking in the source for the replay log?

You can find them in JSON format, just add `.json` at the end of a replay URL.

https://replay.pokemonshowdown.com/gen7randomdoublesbattle-865046831.json

Or, if you only need the log itself, add `.log` instead:

https://replay.pokemonshowdown.com/gen7randomdoublesbattle-865046831.log

-->

<link rel="stylesheet" href="//pokemonshowdown.com/style/global.css?0.767286132409787" />
<link rel="stylesheet" href="//play.pokemonshowdown.com/style/font-awesome.css?0.9266228007934947" />
<link rel="stylesheet" href="//play.pokemonshowdown.com/style/battle.css?0.7924700842790926" />
<link rel="stylesheet" href="//play.pokemonshowdown.com/style/utilichart.css?0.8777417872839479" />

<!-- Global site tag (gtag.js) - Google Analytics -->
<script async src="https://www.googletagmanager.com/gtag/js?id=UA-26211653-1"></script>
<script>
  window.dataLayer = window.dataLayer || [];
  function gtag(){dataLayer.push(arguments);}
  gtag('js', new Date());

  gtag('config', 'UA-26211653-1');
</script>
<!-- End Google Analytics -->
<!-- Venatus Ad Manager - Install in <HEAD> of page -->
	<script src="https://hb.vntsm.com/v3/live/ad-manager.min.js" type="text/javascript" data-site-id="642aba63ec9a7b11c3c9c1be" data-mode="scan" async></script>
<!-- / Venatus Ad Manager -->

<style>
	@media (max-width:820px) {
		.battle {
			margin: 0 auto;
		}
		.battle-log {
			margin: 7px auto 0;
			max-width: 640px;
			height: 300px;
			position: static;
		}
	}
	.optgroup {
		display: inline-block;
		line-height: 22px;
		font-size: 10pt;
	}
	.optgroup .button {
		height: 25px;
		padding-top: 0;
		padding-bottom: 0;
	}
	.optgroup button.button {
		padding-left: 12px;
		padding-right: 12px;
	}
	.linklist {
		list-style: none;
		margin: 0.5em 0;
		padding: 0;
	}
	.linklist li {
		padding: 2px 0;
	}
	.sidebar {
		float: left;
		width: 320px;
	}
	.bar-wrapper {
		max-width: 1100px;
		margin: 0 auto;
	}
	.bar-wrapper.has-sidebar {
		max-width: 1430px;
	}
	.mainbar {
		margin: 0;
		padding-right: 1px;
	}
	.mainbar.has-sidebar {
		margin-left: 330px;
	}
	@media (min-width: 1511px) {
		.sidebar {
			width: 400px;
		}
		.bar-wrapper.has-sidebar {
			max-width: 1510px;
		}
		.mainbar.has-sidebar {
			margin-left: 410px;
		}
	}
	.section.first-section {
		margin-top: 9px;
	}
	.blocklink small {
		white-space: normal;
	}
	.button {
		vertical-align: middle;
	}
	.replay-controls {
		padding-top: 10px;
	}
	.replay-controls h1 {
		font-size: 16pt;
		font-weight: normal;
		color: #CCC;
	}
	.pagelink {
		text-align: center;
	}
	.pagelink a {
		width: 150px;
	}
	.textbox, .button {
		font-size: 11pt;
		vertical-align: middle;
	}
	@media (max-width: 450px) {
		.button {
			font-size: 9pt;
		}
	}
</style>

<div>

	<header>
		<div class="nav-wrapper"><ul class="nav">
			<li><a class="button nav-first" href="//pokemonshowdown.com/"><img src="//pokemonshowdown.com/images/pokemonshowdownbeta.png" srcset="//pokemonshowdown.com/images/pokemonshowdownbeta.png 1x, //pokemonshowdown.com/images/pokemonshowdownbeta@2x.png 2x" alt="Pok&eacute;mon Showdown" width="146" height="44" /> Home</a></li>
			<li><a class="button" href="//pokemonshowdown.com/dex/">Pok&eacute;dex</a></li>
			<li><a class="button cur" href="/">Replays</a></li>
			<li><a class="button" href="//pokemonshowdown.com/ladder/">Ladder</a></li>
			<li><a class="button nav-last" href="//pokemonshowdown.com/forums/">Forum</a></li>
			<li><a class="button greenbutton nav-first nav-last" href="//play.pokemonshowdown.com/">Play</a></li>
		</ul></div>
	</header>

	<div class="main" id="main">

		<noscript><section class="section">You need to enable JavaScript to use this page; sorry!</section></noscript>

	</div>

</div>

<script defer nomodule src="//play.pokemonshowdown.com/js/lib/ps-polyfill.js"></script>
<script defer src="//play.pokemonshowdown.com/js/lib/preact.min.js"></script>

<script defer src="//play.pokemonshowdown.com/config/config.js?6dec07f6"></script>
<script defer src="//play.pokemonshowdown.com/js/lib/jquery-1.11.0.min.js"></script>
<script defer src="//play.pokemonshowdown.com/js/lib/html-sanitizer-minified.js"></script>
<script defer src="//play.pokemonshowdown.com/js/battle-sound.js"></script>
<script defer src="//play.pokemonshowdown.com/js/battledata.js?0.6315294753075389"></script>
<script defer src="//play.pokemonshowdown.com/data/pokedex-mini.js?0.7603743185311358"></script>
<script defer src="//play.pokemonshowdown.com/data/pokedex-mini-bw.js?0.030888842834281283"></script>
<script defer src="//play.pokemonshowdown.com/data/graphics.js?0.05593094747507488"></script>
<script defer src="//play.pokemonshowdown.com/data/pokedex.js?0.47064822249611904"></script>
<script defer src="//play.pokemonshowdown.com/data/moves.js?0.8583693120512459"></script>
<script defer src="//play.pokemonshowdown.com/data/abilities.js?0.16017181182386842"></script>
<script defer src="//play.pokemonshowdown.com/data/items.js?0.4163379185673943"></script>
<script defer src="//play.pokemonshowdown.com/data/teambuilder-tables.js?0.31075597372830477"></script>
<script defer src="//play.pokemonshowdown.com/js/battle-tooltips.js?0.6536193500708172"></script>
<script defer src="//play.pokemonshowdown.com/js/battle.js?0.1916591943277901"></script>

<script defer src="js/utils.js?e31f9a17"></script>
<script defer src="js/replays-battle.js?7008c182"></script>

<!-- don't scrape this data! just add .json or .log after the URL!
Full API docs: https://github.com/smogon/pokemon-showdown-client/blob/master/WEB-API.md -->
<script type="text/plain" class="log" id="replaylog-smogtours-gen3ou-797504">
|inactive|Battle timer is ON: inactive players will automatically lose when time's up.
|t:|1728748740
|gametype|singles
|player|p1|wizzyhatg|2|
|player|p2|Axselo|1|
|teamsize|p1|6
|teamsize|p2|6
|gen|3
|tier|[Gen 3] OU
|rule|Sleep Clause Mod: Limit one foe put to sleep
|rule|Switch Priority Clause Mod: Faster Pokémon switch first
|rule|Species Clause: Limit one of each Pokémon
|rule|OHKO Clause: OHKO moves are banned
|rule|Evasion Items Clause: Evasion items are banned
|rule|Evasion Moves Clause: Evasion moves are banned
|rule|Endless Battle Clause: Forcing endless battles is banned
|rule|HP Percentage Mod: HP is shown in percentages
|rule|One Boost Passer Clause: Limit one Baton Passer that has a way to boost its stats
|rule|Freeze Clause Mod: Limit one foe frozen
|
|t:|1728748740
|start
|switch|p1a: Medicham|Medicham, M|100/100
|switch|p2a: Omastar|Omastar, M|100/100
|turn|1
|inactive|wizzyhatg has 270 seconds left.
|
|t:|1728748783
|switch|p2a: Misdreavus|Misdreavus, F|100/100
|move|p1a: Medicham|Brick Break|p2a: Misdreavus
|-immune|p2a: Misdreavus
|
|upkeep
|turn|2
|inactive|Axselo has 270 seconds left.
|c|☆wizzyhatg|glhf
|
|t:|1728748825
|switch|p2a: Flygon|Flygon, M|100/100
|move|p1a: Medicham|Shadow Ball|p2a: Flygon
|-crit|p2a: Flygon
|-damage|p2a: Flygon|9/100
|
|-heal|p2a: Flygon|16/100|[from] item: Leftovers
|upkeep
|turn|3
|c|☆wizzyhatg|sorry
|c|☆Axselo|no problem
|
|t:|1728748847
|move|p2a: Flygon|Earthquake|p1a: Medicham
|-damage|p1a: Medicham|34/100
|move|p1a: Medicham|Brick Break|p2a: Flygon
|-damage|p2a: Flygon|0 fnt
|faint|p2a: Flygon
|
|t:|1728748859
|switch|p2a: Aerodactyl|Aerodactyl, M|100/100
|
|upkeep
|turn|4
|
|t:|1728748873
|switch|p1a: Magneton|Magneton|100/100
|move|p2a: Aerodactyl|Double-Edge|p1a: Magneton
|-resisted|p1a: Magneton
|-damage|p1a: Magneton|62/100
|
|upkeep
|turn|5
|
|t:|1728748886
|switch|p2a: Swampert|Swampert, F|100/100
|move|p1a: Magneton|Toxic|p2a: Swampert
|-status|p2a: Swampert|tox
|
|-damage|p2a: Swampert|94/100 tox|[from] psn
|upkeep
|turn|6
|
|t:|1728748897
|switch|p1a: Snorlax|Snorlax, M|100/100
|move|p2a: Swampert|Earthquake|p1a: Snorlax
|-damage|p1a: Snorlax|70/100
|
|-heal|p2a: Swampert|100/100 tox|[from] item: Leftovers
|-damage|p2a: Swampert|88/100 tox|[from] psn
|-heal|p1a: Snorlax|76/100|[from] item: Leftovers
|upkeep
|turn|7
|
|t:|1728748911
|switch|p2a: Omastar|Omastar, M|100/100
|move|p1a: Snorlax|Body Slam|p2a: Omastar
|-resisted|p2a: Omastar
|-damage|p2a: Omastar|85/100
|-status|p2a: Omastar|par
|
|-heal|p1a: Snorlax|82/100|[from] item: Leftovers
|upkeep
|turn|8
|
|t:|1728748920
|move|p1a: Snorlax|Earthquake|p2a: Omastar
|-supereffective|p2a: Omastar
|-damage|p2a: Omastar|33/100 par
|move|p2a: Omastar|Spikes|p1a: Snorlax
|-sidestart|p1: wizzyhatg|Spikes
|
|-heal|p1a: Snorlax|88/100|[from] item: Leftovers
|upkeep
|turn|9
|
|t:|1728748944
|switch|p2a: Aerodactyl|Aerodactyl, M|100/100
|move|p1a: Snorlax|Shadow Ball|p2a: Aerodactyl
|-damage|p2a: Aerodactyl|64/100
|
|-heal|p1a: Snorlax|95/100|[from] item: Leftovers
|upkeep
|turn|10
|
|t:|1728748954
|switch|p2a: Metagross|Metagross|100/100
|move|p1a: Snorlax|Shadow Ball|p2a: Metagross
|-damage|p2a: Metagross|82/100
|
|-heal|p2a: Metagross|88/100|[from] item: Leftovers
|-heal|p1a: Snorlax|100/100|[from] item: Leftovers
|upkeep
|turn|11
|inactive|Axselo has 240 seconds left.
|
|t:|1728748977
|move|p2a: Metagross|Hidden Power|p1a: Snorlax
|-crit|p1a: Snorlax
|-damage|p1a: Snorlax|75/100
|move|p1a: Snorlax|Earthquake|p2a: Metagross
|-supereffective|p2a: Metagross
|-damage|p2a: Metagross|43/100
|
|-heal|p2a: Metagross|49/100|[from] item: Leftovers
|-heal|p1a: Snorlax|81/100|[from] item: Leftovers
|upkeep
|turn|12
|c|☆wizzyhatg|kind of want to hard read a boom
|inactive|Axselo has 240 seconds left.
|c|☆wizzyhatg|definitely want to now lol
|
|t:|1728748996
|switch|p1a: Magneton|Magneton|62/100
|-damage|p1a: Magneton|50/100|[from] Spikes
|move|p2a: Metagross|Meteor Mash|p1a: Magneton
|-resisted|p1a: Magneton
|-damage|p1a: Magneton|34/100
|
|-heal|p2a: Metagross|55/100|[from] item: Leftovers
|upkeep
|turn|13
|inactive|Axselo has 240 seconds left.
|
|t:|1728749008
|move|p1a: Magneton|Thunderbolt|p2a: Metagross
|-damage|p2a: Metagross|1/100
|move|p2a: Metagross|Hidden Power|p1a: Magneton
|-supereffective|p1a: Magneton
|-damage|p1a: Magneton|0 fnt
|faint|p1a: Magneton
|c|☆Axselo|nice
|
|t:|1728749024
|switch|p1a: Medicham|Medicham, M|34/100
|-damage|p1a: Medicham|22/100|[from] Spikes
|
|-enditem|p1a: Medicham|Salac Berry|[eat]
|-boost|p1a: Medicham|spe|1|[from] item: Salac Berry
|-heal|p2a: Metagross|7/100|[from] item: Leftovers
|upkeep
|turn|14
|inactive|Axselo has 240 seconds left.
|
|t:|1728749047
|move|p1a: Medicham|Shadow Ball|p2a: Metagross
|-damage|p2a: Metagross|0 fnt
|faint|p2a: Metagross
|
|t:|1728749058
|switch|p2a: Swampert|Swampert, F|88/100 tox
|
|-heal|p2a: Swampert|94/100 tox|[from] item: Leftovers
|-damage|p2a: Swampert|88/100 tox|[from] psn
|upkeep
|turn|15
|
|t:|1728749066
|move|p1a: Medicham|Brick Break|p2a: Swampert
|-damage|p2a: Swampert|51/100 tox
|move|p2a: Swampert|Earthquake|p1a: Medicham
|-damage|p1a: Medicham|0 fnt
|faint|p1a: Medicham
|
|t:|1728749094
|switch|p1a: Metagross|Metagross|100/100
|-damage|p1a: Metagross|88/100|[from] Spikes
|
|-heal|p1a: Metagross|94/100|[from] item: Leftovers
|-heal|p2a: Swampert|58/100 tox|[from] item: Leftovers
|-damage|p2a: Swampert|45/100 tox|[from] psn
|upkeep
|turn|16
|inactive|Axselo has 240 seconds left.
|
|t:|1728749104
|move|p1a: Metagross|Agility|p1a: Metagross
|-boost|p1a: Metagross|spe|2
|move|p2a: Swampert|Earthquake|p1a: Metagross
|-supereffective|p1a: Metagross
|-damage|p1a: Metagross|40/100
|
|-heal|p1a: Metagross|46/100|[from] item: Leftovers
|-heal|p2a: Swampert|51/100 tox|[from] item: Leftovers
|-damage|p2a: Swampert|33/100 tox|[from] psn
|upkeep
|turn|17
|inactive|Axselo has 240 seconds left.
|
|t:|1728749121
|move|p1a: Metagross|Earthquake|p2a: Swampert
|-damage|p2a: Swampert|3/100 tox
|move|p2a: Swampert|Surf|p1a: Metagross
|-damage|p1a: Metagross|4/100
|
|-heal|p1a: Metagross|10/100|[from] item: Leftovers
|-heal|p2a: Swampert|10/100 tox|[from] item: Leftovers
|-damage|p2a: Swampert|0 fnt|[from] psn
|faint|p2a: Swampert
|upkeep
|
|t:|1728749143
|switch|p2a: Omastar|Omastar, M|33/100 par
|turn|18
|
|t:|1728749161
|move|p1a: Metagross|Earthquake|p2a: Omastar
|-supereffective|p2a: Omastar
|-damage|p2a: Omastar|0 fnt
|faint|p2a: Omastar
|
|t:|1728749165
|switch|p2a: Misdreavus|Misdreavus, F|100/100
|
|-heal|p1a: Metagross|16/100|[from] item: Leftovers
|upkeep
|turn|19
|
|t:|1728749169
|move|p1a: Metagross|Meteor Mash|p2a: Misdreavus
|-damage|p2a: Misdreavus|0 fnt
|faint|p2a: Misdreavus
|
|t:|1728749172
|switch|p2a: Aerodactyl|Aerodactyl, M|64/100
|
|-heal|p1a: Metagross|22/100|[from] item: Leftovers
|upkeep
|turn|20
|
|t:|1728749176
|move|p1a: Metagross|Explosion|p2a: Aerodactyl
|-resisted|p2a: Aerodactyl
|-damage|p2a: Aerodactyl|0 fnt
|faint|p1a: Metagross
|faint|p2a: Aerodactyl
|
|win|wizzyhatg
|c|☆wizzyhatg|gg
|c|☆Axselo|gg
|player|p2|

</script>
<script type="application/json" class="data" id="replaydata-smogtours-gen3ou-797504">
{"id":"smogtours-gen3ou-797504","format":"[Gen 3] OU","players":["wizzyhatg","Axselo"],"uploadtime":1728749176,"views":83,"formatid":"gen3ou","rating":null,"private":0,"password":null}
</script>

<script defer src="js/replays.js?9d40a366"></script>
