<!DOCTYPE html>
<meta charset="utf-8" />
<meta name="viewport" content="width=device-width" />

<title>[Gen 3] OU: LilBigBamSam vs. MeatballSpaghetti - Replays - Pok&eacute;mon Showdown!</title>

<meta name="description" content="Watch a replay of a Pok&eacute;mon battle between LilBigBamSam and MeatballSpaghetti! Format: [Gen 3] OU; Date: Oct 13, 2024" />
<!--

Hey, you! Looking in the source for the replay log?

You can find them in JSON format, just add `.json` at the end of a replay URL.

https://replay.pokemonshowdown.com/gen7randomdoublesbattle-865046831.json

Or, if you only need the log itself, add `.log` instead:

https://replay.pokemonshowdown.com/gen7randomdoublesbattle-865046831.log

-->

<link rel="stylesheet" href="//pokemonshowdown.com/style/global.css?0.767286132409787" />
<link rel="stylesheet" href="//play.pokemonshowdown.com/style/font-awesome.css?0.9266228007934947" />
<link rel="stylesheet" href="//play.pokemonshowdown.com/style/battle.css?0.7924700842790926" />
<link rel="stylesheet" href="//play.pokemonshowdown.com/style/utilichart.css?0.8777417872839479" />

<!-- Global site tag (gtag.js) - Google Analytics -->
<script async src="https://www.googletagmanager.com/gtag/js?id=UA-26211653-1"></script>
<script>
  window.dataLayer = window.dataLayer || [];
  function gtag(){dataLayer.push(arguments);}
  gtag('js', new Date());

  gtag('config', 'UA-26211653-1');
</script>
<!-- End Google Analytics -->
<!-- Venatus Ad Manager - Install in <HEAD> of page -->
	<script src="https://hb.vntsm.com/v3/live/ad-manager.min.js" type="text/javascript" data-site-id="642aba63ec9a7b11c3c9c1be" data-mode="scan" async></script>
<!-- / Venatus Ad Manager -->

<style>
	@media (max-width:820px) {
		.battle {
			margin: 0 auto;
		}
		.battle-log {
			margin: 7px auto 0;
			max-width: 640px;
			height: 300px;
			position: static;
		}
	}
	.optgroup {
		display: inline-block;
		line-height: 22px;
		font-size: 10pt;
	}
	.optgroup .button {
		height: 25px;
		padding-top: 0;
		padding-bottom: 0;
	}
	.optgroup button.button {
		padding-left: 12px;
		padding-right: 12px;
	}
	.linklist {
		list-style: none;
		margin: 0.5em 0;
		padding: 0;
	}
	.linklist li {
		padding: 2px 0;
	}
	.sidebar {
		float: left;
		width: 320px;
	}
	.bar-wrapper {
		max-width: 1100px;
		margin: 0 auto;
	}
	.bar-wrapper.has-sidebar {
		max-width: 1430px;
	}
	.mainbar {
		margin: 0;
		padding-right: 1px;
	}
	.mainbar.has-sidebar {
		margin-left: 330px;
	}
	@media (min-width: 1511px) {
		.sidebar {
			width: 400px;
		}
		.bar-wrapper.has-sidebar {
			max-width: 1510px;
		}
		.mainbar.has-sidebar {
			margin-left: 410px;
		}
	}
	.section.first-section {
		margin-top: 9px;
	}
	.blocklink small {
		white-space: normal;
	}
	.button {
		vertical-align: middle;
	}
	.replay-controls {
		padding-top: 10px;
	}
	.replay-controls h1 {
		font-size: 16pt;
		font-weight: normal;
		color: #CCC;
	}
	.pagelink {
		text-align: center;
	}
	.pagelink a {
		width: 150px;
	}
	.textbox, .button {
		font-size: 11pt;
		vertical-align: middle;
	}
	@media (max-width: 450px) {
		.button {
			font-size: 9pt;
		}
	}
</style>

<div>

	<header>
		<div class="nav-wrapper"><ul class="nav">
			<li><a class="button nav-first" href="//pokemonshowdown.com/"><img src="//pokemonshowdown.com/images/pokemonshowdownbeta.png" srcset="//pokemonshowdown.com/images/pokemonshowdownbeta.png 1x, //pokemonshowdown.com/images/pokemonshowdownbeta@2x.png 2x" alt="Pok&eacute;mon Showdown" width="146" height="44" /> Home</a></li>
			<li><a class="button" href="//pokemonshowdown.com/dex/">Pok&eacute;dex</a></li>
			<li><a class="button cur" href="/">Replays</a></li>
			<li><a class="button" href="//pokemonshowdown.com/ladder/">Ladder</a></li>
			<li><a class="button nav-last" href="//pokemonshowdown.com/forums/">Forum</a></li>
			<li><a class="button greenbutton nav-first nav-last" href="//play.pokemonshowdown.com/">Play</a></li>
		</ul></div>
	</header>

	<div class="main" id="main">

		<noscript><section class="section">You need to enable JavaScript to use this page; sorry!</section></noscript>

	</div>

</div>

<script defer nomodule src="//play.pokemonshowdown.com/js/lib/ps-polyfill.js"></script>
<script defer src="//play.pokemonshowdown.com/js/lib/preact.min.js"></script>

<script defer src="//play.pokemonshowdown.com/config/config.js?6dec07f6"></script>
<script defer src="//play.pokemonshowdown.com/js/lib/jquery-1.11.0.min.js"></script>
<script defer src="//play.pokemonshowdown.com/js/lib/html-sanitizer-minified.js"></script>
<script defer src="//play.pokemonshowdown.com/js/battle-sound.js"></script>
<script defer src="//play.pokemonshowdown.com/js/battledata.js?0.6315294753075389"></script>
<script defer src="//play.pokemonshowdown.com/data/pokedex-mini.js?0.7603743185311358"></script>
<script defer src="//play.pokemonshowdown.com/data/pokedex-mini-bw.js?0.030888842834281283"></script>
<script defer src="//play.pokemonshowdown.com/data/graphics.js?0.05593094747507488"></script>
<script defer src="//play.pokemonshowdown.com/data/pokedex.js?0.47064822249611904"></script>
<script defer src="//play.pokemonshowdown.com/data/moves.js?0.8583693120512459"></script>
<script defer src="//play.pokemonshowdown.com/data/abilities.js?0.16017181182386842"></script>
<script defer src="//play.pokemonshowdown.com/data/items.js?0.4163379185673943"></script>
<script defer src="//play.pokemonshowdown.com/data/teambuilder-tables.js?0.31075597372830477"></script>
<script defer src="//play.pokemonshowdown.com/js/battle-tooltips.js?0.6536193500708172"></script>
<script defer src="//play.pokemonshowdown.com/js/battle.js?0.1916591943277901"></script>

<script defer src="js/utils.js?e31f9a17"></script>
<script defer src="js/replays-battle.js?7008c182"></script>

<!-- don't scrape this data! just add .json or .log after the URL!
Full API docs: https://github.com/smogon/pokemon-showdown-client/blob/master/WEB-API.md -->
<script type="text/plain" class="log" id="replaylog-smogtours-gen3ou-798233">
|inactive|Battle timer is ON: inactive players will automatically lose when time's up.
|t:|1728842994
|gametype|singles
|player|p1|LilBigBamSam|265|
|player|p2|MeatballSpaghetti|2|
|teamsize|p1|6
|teamsize|p2|6
|gen|3
|tier|[Gen 3] OU
|rule|Sleep Clause Mod: Limit one foe put to sleep
|rule|Switch Priority Clause Mod: Faster Pokémon switch first
|rule|Species Clause: Limit one of each Pokémon
|rule|OHKO Clause: OHKO moves are banned
|rule|Evasion Items Clause: Evasion items are banned
|rule|Evasion Moves Clause: Evasion moves are banned
|rule|Endless Battle Clause: Forcing endless battles is banned
|rule|HP Percentage Mod: HP is shown in percentages
|rule|One Boost Passer Clause: Limit one Baton Passer that has a way to boost its stats
|rule|Freeze Clause Mod: Limit one foe frozen
|
|t:|1728842994
|start
|switch|p1a: Jynx|Jynx, F|100/100
|switch|p2a: Tyranitar|Tyranitar, F|100/100
|-weather|Sandstorm|[from] ability: Sand Stream|[of] p2a: Tyranitar
|turn|1
|c|☆MeatballSpaghetti|glhf
|c|☆LilBigBamSam|you too
|inactive|LilBigBamSam has 270 seconds left.
|
|t:|1728843024
|move|p1a: Jynx|Ice Beam|p2a: Tyranitar
|-damage|p2a: Tyranitar|64/100
|move|p2a: Tyranitar|Pursuit|p1a: Jynx
|-supereffective|p1a: Jynx
|-damage|p1a: Jynx|52/100
|
|-weather|Sandstorm|[upkeep]
|-damage|p1a: Jynx|45/100|[from] Sandstorm
|-heal|p1a: Jynx|52/100|[from] item: Leftovers
|-heal|p2a: Tyranitar|70/100|[from] item: Leftovers
|upkeep
|turn|2
|
|t:|1728843037
|move|p1a: Jynx|Lovely Kiss|p2a: Tyranitar
|-status|p2a: Tyranitar|slp|[from] move: Lovely Kiss
|cant|p2a: Tyranitar|slp
|
|-weather|Sandstorm|[upkeep]
|-damage|p1a: Jynx|45/100|[from] Sandstorm
|-heal|p1a: Jynx|52/100|[from] item: Leftovers
|-heal|p2a: Tyranitar|76/100 slp|[from] item: Leftovers
|upkeep
|turn|3
|
|t:|1728843049
|move|p1a: Jynx|Ice Beam|p2a: Tyranitar
|-damage|p2a: Tyranitar|40/100 slp
|-curestatus|p2a: Tyranitar|slp|[msg]
|move|p2a: Tyranitar|Crunch|p1a: Jynx
|-supereffective|p1a: Jynx
|-damage|p1a: Jynx|0 fnt
|faint|p1a: Jynx
|
|t:|1728843056
|switch|p1a: Dugtrio|Dugtrio, M|100/100
|
|-weather|Sandstorm|[upkeep]
|-heal|p2a: Tyranitar|46/100|[from] item: Leftovers
|upkeep
|turn|4
|
|t:|1728843061
|move|p1a: Dugtrio|Earthquake|p2a: Tyranitar
|-supereffective|p2a: Tyranitar
|-damage|p2a: Tyranitar|0 fnt
|faint|p2a: Tyranitar
|
|t:|1728843065
|switch|p2a: Skarmory|Skarmory, M|100/100
|
|-weather|Sandstorm|[upkeep]
|upkeep
|turn|5
|
|t:|1728843068
|switch|p1a: Magneton|Magneton|100/100
|move|p2a: Skarmory|Spikes|p1a: Magneton
|-sidestart|p1: LilBigBamSam|Spikes
|
|-weather|Sandstorm|[upkeep]
|upkeep
|turn|6
|
|t:|1728843073
|move|p1a: Magneton|Thunderbolt|p2a: Skarmory
|-supereffective|p2a: Skarmory
|-damage|p2a: Skarmory|0 fnt
|faint|p2a: Skarmory
|
|t:|1728843086
|switch|p2a: Flygon|Flygon, M|100/100
|
|-weather|Sandstorm|[upkeep]
|upkeep
|turn|7
|inactive|LilBigBamSam has 270 seconds left.
|
|t:|1728843129
|switch|p1a: Claydol|Claydol|100/100
|move|p2a: Flygon|Earthquake|p1a: Claydol
|-immune|p1a: Claydol
|
|-weather|Sandstorm|[upkeep]
|upkeep
|turn|8
|
|t:|1728843138
|move|p2a: Flygon|Toxic|p1a: Claydol
|-status|p1a: Claydol|tox
|move|p1a: Claydol|Rain Dance|p1a: Claydol
|-weather|RainDance
|
|-weather|RainDance|[upkeep]
|-damage|p1a: Claydol|94/100 tox|[from] psn
|upkeep
|turn|9
|inactive|LilBigBamSam has 270 seconds left.
|
|t:|1728843146
|move|p2a: Flygon|Protect|p2a: Flygon
|-singleturn|p2a: Flygon|Protect
|move|p1a: Claydol|Rapid Spin|p2a: Flygon
|-activate|p2a: Flygon|Protect
|
|-weather|RainDance|[upkeep]
|-heal|p1a: Claydol|100/100 tox|[from] item: Leftovers
|-damage|p1a: Claydol|88/100 tox|[from] psn
|upkeep
|turn|10
|inactive|LilBigBamSam has 270 seconds left.
|
|t:|1728843158
|switch|p2a: Gengar|Gengar, F|100/100
|move|p1a: Claydol|Psychic|p2a: Gengar
|-supereffective|p2a: Gengar
|-crit|p2a: Gengar
|-damage|p2a: Gengar|0 fnt
|faint|p2a: Gengar
|
|t:|1728843173
|switch|p2a: Jirachi|Jirachi|100/100
|
|-weather|RainDance|[upkeep]
|-heal|p1a: Claydol|94/100 tox|[from] item: Leftovers
|-damage|p1a: Claydol|76/100 tox|[from] psn
|upkeep
|turn|11
|
|t:|1728843182
|move|p2a: Jirachi|Body Slam|p1a: Claydol
|-damage|p1a: Claydol|59/100 tox
|move|p1a: Claydol|Rapid Spin|p2a: Jirachi
|-resisted|p2a: Jirachi
|-damage|p2a: Jirachi|99/100
|-sideend|p1: LilBigBamSam|Spikes|[from] move: Rapid Spin|[of] p1a: Claydol
|
|-weather|RainDance|[upkeep]
|-heal|p2a: Jirachi|100/100|[from] item: Leftovers
|-heal|p1a: Claydol|65/100 tox|[from] item: Leftovers
|-damage|p1a: Claydol|40/100 tox|[from] psn
|upkeep
|turn|12
|
|t:|1728843193
|move|p2a: Jirachi|Wish|p2a: Jirachi
|move|p1a: Claydol|Explosion|p2a: Jirachi
|-resisted|p2a: Jirachi
|-damage|p2a: Jirachi|64/100
|faint|p1a: Claydol
|inactive|LilBigBamSam has 270 seconds left.
|
|t:|1728843215
|switch|p1a: Magneton|Magneton|100/100
|
|-weather|none
|-heal|p2a: Jirachi|70/100|[from] item: Leftovers
|upkeep
|turn|13
|inactive|LilBigBamSam has 270 seconds left.
|
|t:|1728843223
|move|p2a: Jirachi|Protect|p2a: Jirachi
|-singleturn|p2a: Jirachi|Protect
|move|p1a: Magneton|Thunderbolt|p2a: Jirachi
|-activate|p2a: Jirachi|Protect
|
|-heal|p2a: Jirachi|100/100|[from] move: Wish|[wisher] Jirachi
|upkeep
|turn|14
|inactive|LilBigBamSam has 270 seconds left.
|
|t:|1728843242
|move|p1a: Magneton|Thunderbolt|p2a: Jirachi
|-damage|p2a: Jirachi|62/100
|move|p2a: Jirachi|Fire Punch|p1a: Magneton
|-supereffective|p1a: Magneton
|-damage|p1a: Magneton|36/100
|-status|p1a: Magneton|brn
|
|-damage|p1a: Magneton|24/100 brn|[from] brn
|-heal|p2a: Jirachi|68/100|[from] item: Leftovers
|upkeep
|turn|15
|inactive|LilBigBamSam has 270 seconds left.
|
|t:|1728843259
|move|p1a: Magneton|Thunderbolt|p2a: Jirachi
|-damage|p2a: Jirachi|27/100
|move|p2a: Jirachi|Wish|p2a: Jirachi
|
|-damage|p1a: Magneton|11/100 brn|[from] brn
|-heal|p2a: Jirachi|33/100|[from] item: Leftovers
|upkeep
|turn|16
|
|t:|1728843273
|switch|p1a: Dugtrio|Dugtrio, M|100/100
|move|p2a: Jirachi|Protect||[still]
|-fail|p2a: Jirachi
|
|-heal|p2a: Jirachi|83/100|[from] move: Wish|[wisher] Jirachi
|-heal|p2a: Jirachi|89/100|[from] item: Leftovers
|upkeep
|turn|17
|
|t:|1728843285
|move|p1a: Dugtrio|Earthquake|p2a: Jirachi
|-supereffective|p2a: Jirachi
|-damage|p2a: Jirachi|0 fnt
|faint|p2a: Jirachi
|
|t:|1728843294
|switch|p2a: Moltres|Moltres|100/100
|
|upkeep
|turn|18
|
|t:|1728843298
|switch|p1a: Magneton|Magneton|11/100 brn
|move|p2a: Moltres|Fire Blast|p1a: Magneton
|-supereffective|p1a: Magneton
|-damage|p1a: Magneton|0 fnt
|faint|p1a: Magneton
|inactive|LilBigBamSam has 270 seconds left.
|
|t:|1728843336
|switch|p1a: Suicune|Suicune|100/100
|
|upkeep
|turn|19
|
|t:|1728843342
|move|p2a: Moltres|Will-O-Wisp|p1a: Suicune
|-status|p1a: Suicune|brn
|move|p1a: Suicune|Calm Mind|p1a: Suicune
|-boost|p1a: Suicune|spa|1
|-boost|p1a: Suicune|spd|1
|
|-damage|p1a: Suicune|88/100 brn|[from] brn
|upkeep
|turn|20
|
|t:|1728843349
|switch|p2a: Flygon|Flygon, M|100/100
|move|p1a: Suicune|Surf|p2a: Flygon
|-damage|p2a: Flygon|51/100
|
|-heal|p2a: Flygon|57/100|[from] item: Leftovers
|-heal|p1a: Suicune|94/100 brn|[from] item: Leftovers
|-damage|p1a: Suicune|82/100 brn|[from] brn
|upkeep
|turn|21
|
|t:|1728843367
|move|p2a: Flygon|Rock Slide|p1a: Suicune
|-damage|p1a: Suicune|71/100 brn
|cant|p1a: Suicune|flinch
|
|-heal|p2a: Flygon|63/100|[from] item: Leftovers
|-heal|p1a: Suicune|77/100 brn|[from] item: Leftovers
|-damage|p1a: Suicune|65/100 brn|[from] brn
|upkeep
|turn|22
|
|t:|1728843376
|move|p2a: Flygon|Rock Slide|p1a: Suicune
|-damage|p1a: Suicune|56/100 brn
|cant|p1a: Suicune|flinch
|
|-heal|p2a: Flygon|69/100|[from] item: Leftovers
|-heal|p1a: Suicune|62/100 brn|[from] item: Leftovers
|-damage|p1a: Suicune|49/100 brn|[from] brn
|upkeep
|turn|23
|
|t:|1728843385
|move|p2a: Flygon|Rock Slide|p1a: Suicune
|-damage|p1a: Suicune|40/100 brn
|move|p1a: Suicune|Rest|p1a: Suicune
|-status|p1a: Suicune|slp|[from] move: Rest
|-heal|p1a: Suicune|100/100 slp|[silent]
|
|-heal|p2a: Flygon|75/100|[from] item: Leftovers
|upkeep
|turn|24
|
|t:|1728843393
|switch|p2a: Moltres|Moltres|100/100
|cant|p1a: Suicune|slp
|
|upkeep
|turn|25
|
|t:|1728843398
|move|p2a: Moltres|Hidden Power|p1a: Suicune
|-supereffective|p1a: Suicune
|-damage|p1a: Suicune|77/100 slp
|cant|p1a: Suicune|slp
|
|-heal|p1a: Suicune|83/100 slp|[from] item: Leftovers
|upkeep
|turn|26
|c|☆MeatballSpaghetti|i concede gg
|-message|MeatballSpaghetti forfeited.
|
|win|LilBigBamSam
|c|☆LilBigBamSam|gg
|player|p2|

</script>
<script type="application/json" class="data" id="replaydata-smogtours-gen3ou-798233">
{"id":"smogtours-gen3ou-798233","format":"[Gen 3] OU","players":["LilBigBamSam","MeatballSpaghetti"],"uploadtime":1728843410,"views":94,"formatid":"gen3ou","rating":null,"private":0,"password":null}
</script>

<script defer src="js/replays.js?9d40a366"></script>
