<!DOCTYPE html>
<meta charset="utf-8" />
<meta name="viewport" content="width=device-width" />

<title>[Gen 3] OU: CodeRedSP vs. incognidoqueen - Replays - Pok&eacute;mon Showdown!</title>

<meta name="description" content="Watch a replay of a Pok&eacute;mon battle between CodeRedSP and incognidoqueen! Format: [Gen 3] OU; Date: Oct 13, 2024" />
<!--

Hey, you! Looking in the source for the replay log?

You can find them in JSON format, just add `.json` at the end of a replay URL.

https://replay.pokemonshowdown.com/gen7randomdoublesbattle-865046831.json

Or, if you only need the log itself, add `.log` instead:

https://replay.pokemonshowdown.com/gen7randomdoublesbattle-865046831.log

-->

<link rel="stylesheet" href="//pokemonshowdown.com/style/global.css?0.023195364461161105" />
<link rel="stylesheet" href="//play.pokemonshowdown.com/style/font-awesome.css?0.13261647063804238" />
<link rel="stylesheet" href="//play.pokemonshowdown.com/style/battle.css?0.8753245789963631" />
<link rel="stylesheet" href="//play.pokemonshowdown.com/style/utilichart.css?0.8627959624976733" />

<!-- Global site tag (gtag.js) - Google Analytics -->
<script async src="https://www.googletagmanager.com/gtag/js?id=UA-26211653-1"></script>
<script>
  window.dataLayer = window.dataLayer || [];
  function gtag(){dataLayer.push(arguments);}
  gtag('js', new Date());

  gtag('config', 'UA-26211653-1');
</script>
<!-- End Google Analytics -->
<!-- Venatus Ad Manager - Install in <HEAD> of page -->
	<script src="https://hb.vntsm.com/v3/live/ad-manager.min.js" type="text/javascript" data-site-id="642aba63ec9a7b11c3c9c1be" data-mode="scan" async></script>
<!-- / Venatus Ad Manager -->

<style>
	@media (max-width:820px) {
		.battle {
			margin: 0 auto;
		}
		.battle-log {
			margin: 7px auto 0;
			max-width: 640px;
			height: 300px;
			position: static;
		}
	}
	.optgroup {
		display: inline-block;
		line-height: 22px;
		font-size: 10pt;
	}
	.optgroup .button {
		height: 25px;
		padding-top: 0;
		padding-bottom: 0;
	}
	.optgroup button.button {
		padding-left: 12px;
		padding-right: 12px;
	}
	.linklist {
		list-style: none;
		margin: 0.5em 0;
		padding: 0;
	}
	.linklist li {
		padding: 2px 0;
	}
	.sidebar {
		float: left;
		width: 320px;
	}
	.bar-wrapper {
		max-width: 1100px;
		margin: 0 auto;
	}
	.bar-wrapper.has-sidebar {
		max-width: 1430px;
	}
	.mainbar {
		margin: 0;
		padding-right: 1px;
	}
	.mainbar.has-sidebar {
		margin-left: 330px;
	}
	@media (min-width: 1511px) {
		.sidebar {
			width: 400px;
		}
		.bar-wrapper.has-sidebar {
			max-width: 1510px;
		}
		.mainbar.has-sidebar {
			margin-left: 410px;
		}
	}
	.section.first-section {
		margin-top: 9px;
	}
	.blocklink small {
		white-space: normal;
	}
	.button {
		vertical-align: middle;
	}
	.replay-controls {
		padding-top: 10px;
	}
	.replay-controls h1 {
		font-size: 16pt;
		font-weight: normal;
		color: #CCC;
	}
	.pagelink {
		text-align: center;
	}
	.pagelink a {
		width: 150px;
	}
	.textbox, .button {
		font-size: 11pt;
		vertical-align: middle;
	}
	@media (max-width: 450px) {
		.button {
			font-size: 9pt;
		}
	}
</style>

<div>

	<header>
		<div class="nav-wrapper"><ul class="nav">
			<li><a class="button nav-first" href="//pokemonshowdown.com/"><img src="//pokemonshowdown.com/images/pokemonshowdownbeta.png" srcset="//pokemonshowdown.com/images/pokemonshowdownbeta.png 1x, //pokemonshowdown.com/images/pokemonshowdownbeta@2x.png 2x" alt="Pok&eacute;mon Showdown" width="146" height="44" /> Home</a></li>
			<li><a class="button" href="//pokemonshowdown.com/dex/">Pok&eacute;dex</a></li>
			<li><a class="button cur" href="/">Replays</a></li>
			<li><a class="button" href="//pokemonshowdown.com/ladder/">Ladder</a></li>
			<li><a class="button nav-last" href="//pokemonshowdown.com/forums/">Forum</a></li>
			<li><a class="button greenbutton nav-first nav-last" href="//play.pokemonshowdown.com/">Play</a></li>
		</ul></div>
	</header>

	<div class="main" id="main">

		<noscript><section class="section">You need to enable JavaScript to use this page; sorry!</section></noscript>

	</div>

</div>

<script defer nomodule src="//play.pokemonshowdown.com/js/lib/ps-polyfill.js"></script>
<script defer src="//play.pokemonshowdown.com/js/lib/preact.min.js"></script>

<script defer src="//play.pokemonshowdown.com/config/config.js?2bddbc15"></script>
<script defer src="//play.pokemonshowdown.com/js/lib/jquery-1.11.0.min.js"></script>
<script defer src="//play.pokemonshowdown.com/js/lib/html-sanitizer-minified.js"></script>
<script defer src="//play.pokemonshowdown.com/js/battle-sound.js"></script>
<script defer src="//play.pokemonshowdown.com/js/battledata.js?0.7209276989879541"></script>
<script defer src="//play.pokemonshowdown.com/data/pokedex-mini.js?0.6111056340867951"></script>
<script defer src="//play.pokemonshowdown.com/data/pokedex-mini-bw.js?0.3532142036491459"></script>
<script defer src="//play.pokemonshowdown.com/data/graphics.js?0.24223875632456182"></script>
<script defer src="//play.pokemonshowdown.com/data/pokedex.js?0.38839984266356864"></script>
<script defer src="//play.pokemonshowdown.com/data/moves.js?0.21866028504024015"></script>
<script defer src="//play.pokemonshowdown.com/data/abilities.js?0.2005157953846628"></script>
<script defer src="//play.pokemonshowdown.com/data/items.js?0.9894211263848525"></script>
<script defer src="//play.pokemonshowdown.com/data/teambuilder-tables.js?0.6008791140282215"></script>
<script defer src="//play.pokemonshowdown.com/js/battle-tooltips.js?0.7580118955022959"></script>
<script defer src="//play.pokemonshowdown.com/js/battle.js?0.6057722274234274"></script>

<script defer src="js/utils.js?e31f9a17"></script>
<script defer src="js/replays-battle.js?7008c182"></script>

<!-- don't scrape this data! just add .json or .log after the URL!
Full API docs: https://github.com/smogon/pokemon-showdown-client/blob/master/WEB-API.md -->
<script type="text/plain" class="log" id="replaylog-smogtours-gen3ou-797959">
|inactive|Battle timer is ON: inactive players will automatically lose when time's up.
|t:|1728793622
|gametype|singles
|player|p1|CodeRedSP|flannery|
|player|p2|incognidoqueen|clerkf|
|teamsize|p1|6
|teamsize|p2|6
|gen|3
|tier|[Gen 3] OU
|rule|Sleep Clause Mod: Limit one foe put to sleep
|rule|Switch Priority Clause Mod: Faster Pokémon switch first
|rule|Species Clause: Limit one of each Pokémon
|rule|OHKO Clause: OHKO moves are banned
|rule|Evasion Items Clause: Evasion items are banned
|rule|Evasion Moves Clause: Evasion moves are banned
|rule|Endless Battle Clause: Forcing endless battles is banned
|rule|HP Percentage Mod: HP is shown in percentages
|rule|One Boost Passer Clause: Limit one Baton Passer that has a way to boost its stats
|rule|Freeze Clause Mod: Limit one foe frozen
|
|t:|1728793622
|start
|switch|p1a: Family Guy|Slaking, M|100/100
|switch|p2a: Big Pecker|Zapdos|100/100
|turn|1
|c|☆CodeRedSP|Glhf
|c|☆incognidoqueen|Glhf girl
|
|t:|1728793635
|move|p1a: Family Guy|Double-Edge|p2a: Big Pecker
|-crit|p2a: Big Pecker
|-damage|p2a: Big Pecker|0 fnt
|-damage|p1a: Family Guy|75/100|[from] Recoil|[of] p2a: Big Pecker
|faint|p2a: Big Pecker
|
|t:|1728793655
|switch|p2a: Sidebar|Dugtrio, F|100/100
|
|upkeep
|turn|2
|
|t:|1728793659
|move|p2a: Sidebar|Earthquake|p1a: Family Guy
|-damage|p1a: Family Guy|29/100
|cant|p1a: Family Guy|ability: Truant
|
|upkeep
|turn|3
|
|t:|1728793669
|move|p2a: Sidebar|Earthquake|p1a: Family Guy
|-damage|p1a: Family Guy|0 fnt
|faint|p1a: Family Guy
|
|t:|1728793672
|switch|p1a: Charicif|Charizard, M|100/100
|
|upkeep
|turn|4
|
|t:|1728793681
|switch|p2a: BBB|Blaziken, F|100/100
|move|p1a: Charicif|Substitute|p1a: Charicif
|-start|p1a: Charicif|Substitute
|-damage|p1a: Charicif|76/100
|
|upkeep
|turn|5
|
|t:|1728793689
|move|p1a: Charicif|Dragon Claw|p2a: BBB
|-damage|p2a: BBB|63/100
|move|p2a: BBB|Fire Blast|p1a: Charicif
|-resisted|p1a: Charicif
|-activate|p1a: Charicif|Substitute|[damage]
|
|upkeep
|turn|6
|
|t:|1728793702
|move|p1a: Charicif|Dragon Claw|p2a: BBB
|-damage|p2a: BBB|30/100
|move|p2a: BBB|Fire Blast|p1a: Charicif
|-resisted|p1a: Charicif
|-end|p1a: Charicif|Substitute
|
|upkeep
|turn|7
|
|t:|1728793726
|switch|p2a: Brid|Skarmory, F|100/100
|move|p1a: Charicif|Substitute|p1a: Charicif
|-start|p1a: Charicif|Substitute
|-damage|p1a: Charicif|51/100
|
|upkeep
|turn|8
|
|t:|1728793732
|move|p1a: Charicif|Overheat|p2a: Brid
|-supereffective|p2a: Brid
|-damage|p2a: Brid|0 fnt
|-unboost|p1a: Charicif|spa|2
|faint|p2a: Brid
|
|t:|1728793737
|switch|p2a: what|Jirachi|100/100
|
|upkeep
|turn|9
|
|t:|1728793764
|switch|p1a: Relinquished|Claydol|100/100
|move|p2a: what|Calm Mind|p2a: what
|-boost|p2a: what|spa|1
|-boost|p2a: what|spd|1
|
|upkeep
|turn|10
|
|t:|1728793775
|switch|p2a: skydiving|Celebi|100/100
|move|p1a: Relinquished|Explosion|p2a: skydiving
|-damage|p2a: skydiving|32/100
|faint|p1a: Relinquished
|
|t:|1728793782
|switch|p1a: Charicif|Charizard, M|51/100
|
|-heal|p2a: skydiving|38/100|[from] item: Leftovers
|upkeep
|turn|11
|
|t:|1728793790
|move|p1a: Charicif|Substitute|p1a: Charicif
|-start|p1a: Charicif|Substitute
|-damage|p1a: Charicif|26/100
|move|p2a: skydiving|Calm Mind|p2a: skydiving
|-boost|p2a: skydiving|spa|1
|-boost|p2a: skydiving|spd|1
|
|-heal|p2a: skydiving|44/100|[from] item: Leftovers
|upkeep
|turn|12
|
|t:|1728793801
|move|p1a: Charicif|Overheat|p2a: skydiving
|-supereffective|p2a: skydiving
|-damage|p2a: skydiving|0 fnt
|-unboost|p1a: Charicif|spa|2
|faint|p2a: skydiving
|
|t:|1728793806
|switch|p2a: what|Jirachi|100/100
|
|upkeep
|turn|13
|
|t:|1728793808
|move|p1a: Charicif|Overheat|p2a: what
|-supereffective|p2a: what
|-damage|p2a: what|0 fnt
|-unboost|p1a: Charicif|spa|2
|faint|p2a: what
|
|t:|1728793816
|switch|p2a: Sidebar|Dugtrio, F|100/100
|
|upkeep
|turn|14
|
|t:|1728793820
|move|p2a: Sidebar|Rock Slide|p1a: Charicif
|-supereffective|p1a: Charicif
|-end|p1a: Charicif|Substitute
|move|p1a: Charicif|Hidden Power|p2a: Sidebar
|-supereffective|p2a: Sidebar
|-damage|p2a: Sidebar|68/100
|
|upkeep
|turn|15
|
|t:|1728793836
|switch|p1a: Windows 87|Metagross, shiny|100/100
|move|p2a: Sidebar|Rock Slide|p1a: Windows 87
|-resisted|p1a: Windows 87
|-damage|p1a: Windows 87|90/100
|
|upkeep
|turn|16
|inactive|CodeRedSP has 270 seconds left.
|
|t:|1728793866
|move|p2a: Sidebar|Rock Slide|p1a: Windows 87
|-resisted|p1a: Windows 87
|-damage|p1a: Windows 87|80/100
|move|p1a: Windows 87|Explosion|p2a: Sidebar
|-damage|p2a: Sidebar|0 fnt
|faint|p1a: Windows 87
|faint|p2a: Sidebar
|
|t:|1728793872
|switch|p2a: BBB|Blaziken, F|30/100
|switch|p1a: WTF IS A KM|Suicune|100/100
|
|upkeep
|turn|17
|
|t:|1728793876
|move|p2a: BBB|Substitute|p2a: BBB
|-start|p2a: BBB|Substitute
|-damage|p2a: BBB|5/100
|move|p1a: WTF IS A KM|Surf|p2a: BBB
|-supereffective|p2a: BBB
|-end|p2a: BBB|Substitute
|
|-enditem|p2a: BBB|Salac Berry|[eat]
|-boost|p2a: BBB|spe|1|[from] item: Salac Berry
|upkeep
|turn|18
|
|t:|1728793881
|move|p2a: BBB|Reversal|p1a: WTF IS A KM
|-damage|p1a: WTF IS A KM|43/100
|move|p1a: WTF IS A KM|Surf|p2a: BBB
|-supereffective|p2a: BBB
|-crit|p2a: BBB
|-damage|p2a: BBB|0 fnt
|faint|p2a: BBB
|
|win|CodeRedSP
|c|☆incognidoqueen|Wp I got owned

</script>
<script type="application/json" class="data" id="replaydata-smogtours-gen3ou-797959">
{"id":"smogtours-gen3ou-797959","format":"[Gen 3] OU","players":["CodeRedSP","incognidoqueen"],"uploadtime":1728793881,"views":82,"formatid":"gen3ou","rating":null,"private":0,"password":null}
</script>

<script defer src="js/replays.js?9d40a366"></script>
