<!DOCTYPE html>
<meta charset="utf-8" />
<meta name="viewport" content="width=device-width" />

<title>[Gen 3] OU: urenext°•° vs. 13ased - Replays - Pok&eacute;mon Showdown!</title>

<meta name="description" content="Watch a replay of a Pok&eacute;mon battle between urenext°•° and 13ased! Format: [Gen 3] OU; Date: Oct 9, 2024" />
<!--

Hey, you! Looking in the source for the replay log?

You can find them in JSON format, just add `.json` at the end of a replay URL.

https://replay.pokemonshowdown.com/gen7randomdoublesbattle-865046831.json

Or, if you only need the log itself, add `.log` instead:

https://replay.pokemonshowdown.com/gen7randomdoublesbattle-865046831.log

-->

<link rel="stylesheet" href="//pokemonshowdown.com/style/global.css?0.767286132409787" />
<link rel="stylesheet" href="//play.pokemonshowdown.com/style/font-awesome.css?0.9266228007934947" />
<link rel="stylesheet" href="//play.pokemonshowdown.com/style/battle.css?0.7924700842790926" />
<link rel="stylesheet" href="//play.pokemonshowdown.com/style/utilichart.css?0.8777417872839479" />

<!-- Global site tag (gtag.js) - Google Analytics -->
<script async src="https://www.googletagmanager.com/gtag/js?id=UA-26211653-1"></script>
<script>
  window.dataLayer = window.dataLayer || [];
  function gtag(){dataLayer.push(arguments);}
  gtag('js', new Date());

  gtag('config', 'UA-26211653-1');
</script>
<!-- End Google Analytics -->
<!-- Venatus Ad Manager - Install in <HEAD> of page -->
	<script src="https://hb.vntsm.com/v3/live/ad-manager.min.js" type="text/javascript" data-site-id="642aba63ec9a7b11c3c9c1be" data-mode="scan" async></script>
<!-- / Venatus Ad Manager -->

<style>
	@media (max-width:820px) {
		.battle {
			margin: 0 auto;
		}
		.battle-log {
			margin: 7px auto 0;
			max-width: 640px;
			height: 300px;
			position: static;
		}
	}
	.optgroup {
		display: inline-block;
		line-height: 22px;
		font-size: 10pt;
	}
	.optgroup .button {
		height: 25px;
		padding-top: 0;
		padding-bottom: 0;
	}
	.optgroup button.button {
		padding-left: 12px;
		padding-right: 12px;
	}
	.linklist {
		list-style: none;
		margin: 0.5em 0;
		padding: 0;
	}
	.linklist li {
		padding: 2px 0;
	}
	.sidebar {
		float: left;
		width: 320px;
	}
	.bar-wrapper {
		max-width: 1100px;
		margin: 0 auto;
	}
	.bar-wrapper.has-sidebar {
		max-width: 1430px;
	}
	.mainbar {
		margin: 0;
		padding-right: 1px;
	}
	.mainbar.has-sidebar {
		margin-left: 330px;
	}
	@media (min-width: 1511px) {
		.sidebar {
			width: 400px;
		}
		.bar-wrapper.has-sidebar {
			max-width: 1510px;
		}
		.mainbar.has-sidebar {
			margin-left: 410px;
		}
	}
	.section.first-section {
		margin-top: 9px;
	}
	.blocklink small {
		white-space: normal;
	}
	.button {
		vertical-align: middle;
	}
	.replay-controls {
		padding-top: 10px;
	}
	.replay-controls h1 {
		font-size: 16pt;
		font-weight: normal;
		color: #CCC;
	}
	.pagelink {
		text-align: center;
	}
	.pagelink a {
		width: 150px;
	}
	.textbox, .button {
		font-size: 11pt;
		vertical-align: middle;
	}
	@media (max-width: 450px) {
		.button {
			font-size: 9pt;
		}
	}
</style>

<div>

	<header>
		<div class="nav-wrapper"><ul class="nav">
			<li><a class="button nav-first" href="//pokemonshowdown.com/"><img src="//pokemonshowdown.com/images/pokemonshowdownbeta.png" srcset="//pokemonshowdown.com/images/pokemonshowdownbeta.png 1x, //pokemonshowdown.com/images/pokemonshowdownbeta@2x.png 2x" alt="Pok&eacute;mon Showdown" width="146" height="44" /> Home</a></li>
			<li><a class="button" href="//pokemonshowdown.com/dex/">Pok&eacute;dex</a></li>
			<li><a class="button cur" href="/">Replays</a></li>
			<li><a class="button" href="//pokemonshowdown.com/ladder/">Ladder</a></li>
			<li><a class="button nav-last" href="//pokemonshowdown.com/forums/">Forum</a></li>
			<li><a class="button greenbutton nav-first nav-last" href="//play.pokemonshowdown.com/">Play</a></li>
		</ul></div>
	</header>

	<div class="main" id="main">

		<noscript><section class="section">You need to enable JavaScript to use this page; sorry!</section></noscript>

	</div>

</div>

<script defer nomodule src="//play.pokemonshowdown.com/js/lib/ps-polyfill.js"></script>
<script defer src="//play.pokemonshowdown.com/js/lib/preact.min.js"></script>

<script defer src="//play.pokemonshowdown.com/config/config.js?6dec07f6"></script>
<script defer src="//play.pokemonshowdown.com/js/lib/jquery-1.11.0.min.js"></script>
<script defer src="//play.pokemonshowdown.com/js/lib/html-sanitizer-minified.js"></script>
<script defer src="//play.pokemonshowdown.com/js/battle-sound.js"></script>
<script defer src="//play.pokemonshowdown.com/js/battledata.js?0.6315294753075389"></script>
<script defer src="//play.pokemonshowdown.com/data/pokedex-mini.js?0.7603743185311358"></script>
<script defer src="//play.pokemonshowdown.com/data/pokedex-mini-bw.js?0.030888842834281283"></script>
<script defer src="//play.pokemonshowdown.com/data/graphics.js?0.05593094747507488"></script>
<script defer src="//play.pokemonshowdown.com/data/pokedex.js?0.47064822249611904"></script>
<script defer src="//play.pokemonshowdown.com/data/moves.js?0.8583693120512459"></script>
<script defer src="//play.pokemonshowdown.com/data/abilities.js?0.16017181182386842"></script>
<script defer src="//play.pokemonshowdown.com/data/items.js?0.4163379185673943"></script>
<script defer src="//play.pokemonshowdown.com/data/teambuilder-tables.js?0.31075597372830477"></script>
<script defer src="//play.pokemonshowdown.com/js/battle-tooltips.js?0.6536193500708172"></script>
<script defer src="//play.pokemonshowdown.com/js/battle.js?0.1916591943277901"></script>

<script defer src="js/utils.js?e31f9a17"></script>
<script defer src="js/replays-battle.js?7008c182"></script>

<!-- don't scrape this data! just add .json or .log after the URL!
Full API docs: https://github.com/smogon/pokemon-showdown-client/blob/master/WEB-API.md -->
<script type="text/plain" class="log" id="replaylog-smogtours-gen3ou-796716">
|inactive|Battle timer is ON: inactive players will automatically lose when time's up.
|t:|1728501074
|gametype|singles
|player|p1|urenext°•°|1|
|player|p2|13ased|ltsurge|
|teamsize|p1|6
|teamsize|p2|6
|gen|3
|tier|[Gen 3] OU
|rule|Sleep Clause Mod: Limit one foe put to sleep
|rule|Switch Priority Clause Mod: Faster Pokémon switch first
|rule|Species Clause: Limit one of each Pokémon
|rule|OHKO Clause: OHKO moves are banned
|rule|Evasion Items Clause: Evasion items are banned
|rule|Evasion Moves Clause: Evasion moves are banned
|rule|Endless Battle Clause: Forcing endless battles is banned
|rule|HP Percentage Mod: HP is shown in percentages
|rule|One Boost Passer Clause: Limit one Baton Passer that has a way to boost its stats
|rule|Freeze Clause Mod: Limit one foe frozen
|
|t:|1728501074
|start
|switch|p1a: Hariyama|Hariyama, M|100/100
|switch|p2a: Medicham|Medicham, F|100/100
|turn|1
|
|t:|1728501080
|move|p2a: Medicham|Fake Out|p1a: Hariyama
|-damage|p1a: Hariyama|69/100
|cant|p1a: Hariyama|flinch
|
|-heal|p1a: Hariyama|75/100|[from] item: Leftovers
|upkeep
|turn|2
|
|t:|1728501088
|switch|p2a: Skarmory|Skarmory, F|100/100
|move|p1a: Hariyama|Cross Chop|p2a: Skarmory
|-damage|p2a: Skarmory|60/100
|
|-heal|p2a: Skarmory|66/100|[from] item: Leftovers
|-heal|p1a: Hariyama|81/100|[from] item: Leftovers
|upkeep
|turn|3
|
|t:|1728501099
|switch|p1a: Moltres|Moltres|100/100
|move|p2a: Skarmory|Spikes|p1a: Moltres
|-sidestart|p1: urenext°•°|Spikes
|
|-heal|p2a: Skarmory|72/100|[from] item: Leftovers
|upkeep
|turn|4
|
|t:|1728501107
|switch|p2a: Blissey|Blissey, F|100/100
|move|p1a: Moltres|Sunny Day|p1a: Moltres
|-weather|SunnyDay
|
|-weather|SunnyDay|[upkeep]
|upkeep
|turn|5
|
|t:|1728501123
|move|p1a: Moltres|Fire Blast|p2a: Blissey
|-damage|p2a: Blissey|60/100
|move|p2a: Blissey|Wish|p2a: Blissey
|
|-weather|SunnyDay|[upkeep]
|-heal|p2a: Blissey|66/100|[from] item: Leftovers
|upkeep
|turn|6
|
|t:|1728501134
|move|p1a: Moltres|Will-O-Wisp|p2a: Blissey
|-status|p2a: Blissey|brn
|move|p2a: Blissey|Thunderbolt|p1a: Moltres
|-supereffective|p1a: Moltres
|-damage|p1a: Moltres|49/100
|
|-heal|p2a: Blissey|100/100 brn|[from] move: Wish|[wisher] Blissey
|-weather|SunnyDay|[upkeep]
|-heal|p1a: Moltres|55/100|[from] item: Leftovers
|-damage|p2a: Blissey|88/100 brn|[from] brn
|upkeep
|turn|7
|
|t:|1728501145
|move|p1a: Moltres|Fire Blast|p2a: Blissey
|-damage|p2a: Blissey|50/100 brn
|move|p2a: Blissey|Wish|p2a: Blissey
|
|-weather|SunnyDay|[upkeep]
|-heal|p1a: Moltres|61/100|[from] item: Leftovers
|-heal|p2a: Blissey|56/100 brn|[from] item: Leftovers
|-damage|p2a: Blissey|44/100 brn|[from] brn
|upkeep
|turn|8
|
|t:|1728501153
|switch|p1a: Dugtrio|Dugtrio, F|100/100
|-damage|p1a: Dugtrio|88/100|[from] Spikes
|move|p2a: Blissey|Soft-Boiled|p2a: Blissey
|-heal|p2a: Blissey|94/100 brn
|
|-heal|p2a: Blissey|100/100 brn|[from] move: Wish|[wisher] Blissey
|-weather|none
|-damage|p2a: Blissey|88/100 brn|[from] brn
|upkeep
|turn|9
|inactive|urenext°•° has 270 seconds left.
|
|t:|1728501184
|move|p1a: Dugtrio|Beat Up|p2a: Blissey
|-damage|p2a: Blissey|78/100 brn
|-damage|p2a: Blissey|69/100 brn
|-damage|p2a: Blissey|57/100 brn
|-crit|p2a: Blissey
|-damage|p2a: Blissey|27/100 brn
|-damage|p2a: Blissey|17/100 brn
|-damage|p2a: Blissey|5/100 brn
|-hitcount|p2a: Blissey|6
|move|p2a: Blissey|Ice Beam|p1a: Dugtrio
|-supereffective|p1a: Dugtrio
|-damage|p1a: Dugtrio|0 fnt
|faint|p1a: Dugtrio
|inactive|urenext°•° has 270 seconds left.
|
|t:|1728501197
|switch|p1a: Hariyama|Hariyama, M|81/100
|-damage|p1a: Hariyama|68/100|[from] Spikes
|
|-heal|p2a: Blissey|11/100 brn|[from] item: Leftovers
|-damage|p2a: Blissey|0 fnt|[from] brn
|faint|p2a: Blissey
|-heal|p1a: Hariyama|74/100|[from] item: Leftovers
|upkeep
|
|t:|1728501205
|switch|p2a: Medicham|Medicham, F|100/100
|turn|10
|inactive|urenext°•° has 270 seconds left.
|
|t:|1728501217
|move|p2a: Medicham|Fake Out|p1a: Hariyama
|-damage|p1a: Hariyama|45/100
|cant|p1a: Hariyama|flinch
|
|-heal|p1a: Hariyama|51/100|[from] item: Leftovers
|upkeep
|turn|11
|
|t:|1728501223
|switch|p2a: Claydol|Claydol|100/100
|move|p1a: Hariyama|Knock Off|p2a: Claydol
|-supereffective|p2a: Claydol
|-damage|p2a: Claydol|95/100
|-enditem|p2a: Claydol|Leftovers|[from] move: Knock Off|[of] p1a: Hariyama
|-hint|In Gens 3-4, Knock Off only makes the target's item unusable; it cannot obtain a new item.
|
|-heal|p1a: Hariyama|57/100|[from] item: Leftovers
|upkeep
|turn|12
|inactive|urenext°•° has 270 seconds left.
|
|t:|1728501254
|switch|p1a: Flygon|Flygon, F|100/100
|move|p2a: Claydol|Explosion|p1a: Flygon
|-damage|p1a: Flygon|0 fnt
|faint|p2a: Claydol
|faint|p1a: Flygon
|
|t:|1728501264
|switch|p1a: Moltres|Moltres|61/100
|switch|p2a: Medicham|Medicham, F|100/100
|
|-heal|p1a: Moltres|67/100|[from] item: Leftovers
|upkeep
|turn|13
|
|t:|1728501275
|switch|p1a: Hariyama|Hariyama, M|57/100
|-damage|p1a: Hariyama|45/100|[from] Spikes
|move|p2a: Medicham|Fake Out|p1a: Hariyama
|-damage|p1a: Hariyama|16/100
|
|-heal|p1a: Hariyama|22/100|[from] item: Leftovers
|upkeep
|turn|14
|
|t:|1728501294
|switch|p2a: Gyarados|Gyarados, F|100/100
|-ability|p2a: Gyarados|Intimidate|boost
|-unboost|p1a: Hariyama|atk|1
|move|p1a: Hariyama|Knock Off|p2a: Gyarados
|-damage|p2a: Gyarados|98/100
|-enditem|p2a: Gyarados|Leftovers|[from] move: Knock Off|[of] p1a: Hariyama
|
|-heal|p1a: Hariyama|28/100|[from] item: Leftovers
|upkeep
|turn|15
|
|t:|1728501303
|move|p2a: Gyarados|Dragon Dance|p2a: Gyarados
|-boost|p2a: Gyarados|atk|1
|-boost|p2a: Gyarados|spe|1
|move|p1a: Hariyama|Sunny Day|p1a: Hariyama
|-weather|SunnyDay
|
|-weather|SunnyDay|[upkeep]
|-heal|p1a: Hariyama|34/100|[from] item: Leftovers
|upkeep
|turn|16
|inactive|urenext°•° has 270 seconds left.
|
|t:|1728501329
|move|p2a: Gyarados|Return|p1a: Hariyama
|-damage|p1a: Hariyama|0 fnt
|faint|p1a: Hariyama
|
|t:|1728501335
|switch|p1a: Typhlosion|Typhlosion, F|100/100
|-damage|p1a: Typhlosion|88/100|[from] Spikes
|
|-weather|SunnyDay|[upkeep]
|-heal|p1a: Typhlosion|94/100|[from] item: Leftovers
|upkeep
|turn|17
|
|t:|1728501338
|move|p2a: Gyarados|Earthquake|p1a: Typhlosion
|-supereffective|p1a: Typhlosion
|-damage|p1a: Typhlosion|0 fnt
|faint|p1a: Typhlosion
|
|t:|1728501343
|switch|p1a: Sunflora|Sunflora, M|100/100
|-damage|p1a: Sunflora|88/100|[from] Spikes
|
|-weather|SunnyDay|[upkeep]
|upkeep
|turn|18
|
|t:|1728501350
|move|p2a: Gyarados|Return|p1a: Sunflora
|-damage|p1a: Sunflora|0 fnt
|faint|p1a: Sunflora
|
|t:|1728501353
|switch|p1a: Moltres|Moltres|67/100
|
|-weather|SunnyDay|[upkeep]
|-heal|p1a: Moltres|74/100|[from] item: Leftovers
|upkeep
|turn|19
|
|t:|1728501357
|move|p2a: Gyarados|Hidden Power|p1a: Moltres
|-supereffective|p1a: Moltres
|-damage|p1a: Moltres|0 fnt
|faint|p1a: Moltres
|
|win|13ased
|c|☆urenext°•°|aaahhhhhh
|c|☆urenext°•°|Gg
|c|☆urenext°•°|Nice playung
|c|☆13ased|Ggs
|c|☆13ased|Ty
|c|☆13ased|You brought way cooler teams 
|c|☆urenext°•°|Im taking notes for the rain team :D
|c|☆urenext°•°|Hehehe
|c|☆urenext°•°|Hope jim finds them amusing :)
|c|☆urenext°•°|Good luck on the next rounds!!
|player|p1|
|player|p2|
|player|p1|urenext°•°|1|

</script>
<script type="application/json" class="data" id="replaydata-smogtours-gen3ou-796716">
{"id":"smogtours-gen3ou-796716","format":"[Gen 3] OU","players":["urenext\u00b0\u2022\u00b0","13ased"],"uploadtime":1728501357,"views":152,"formatid":"gen3ou","rating":null,"private":0,"password":null}
</script>

<script defer src="js/replays.js?9d40a366"></script>
