<!DOCTYPE html>
<meta charset="utf-8" />
<meta name="viewport" content="width=device-width" />

<title>[Gen 3] OU: Kenma likes males vs. Salty Lame-o - Replays - Pok&eacute;mon Showdown!</title>

<meta name="description" content="Watch a replay of a Pok&eacute;mon battle between Kenma likes males and Salty Lame-o! Format: [Gen 3] OU; Date: Nov 2, 2024" />
<!--

Hey, you! Looking in the source for the replay log?

You can find them in JSON format, just add `.json` at the end of a replay URL.

https://replay.pokemonshowdown.com/gen7randomdoublesbattle-865046831.json

Or, if you only need the log itself, add `.log` instead:

https://replay.pokemonshowdown.com/gen7randomdoublesbattle-865046831.log

-->

<link rel="stylesheet" href="//pokemonshowdown.com/style/global.css?0.023195364461161105" />
<link rel="stylesheet" href="//play.pokemonshowdown.com/style/font-awesome.css?0.13261647063804238" />
<link rel="stylesheet" href="//play.pokemonshowdown.com/style/battle.css?0.8753245789963631" />
<link rel="stylesheet" href="//play.pokemonshowdown.com/style/utilichart.css?0.8627959624976733" />

<!-- Global site tag (gtag.js) - Google Analytics -->
<script async src="https://www.googletagmanager.com/gtag/js?id=UA-26211653-1"></script>
<script>
  window.dataLayer = window.dataLayer || [];
  function gtag(){dataLayer.push(arguments);}
  gtag('js', new Date());

  gtag('config', 'UA-26211653-1');
</script>
<!-- End Google Analytics -->
<!-- Venatus Ad Manager - Install in <HEAD> of page -->
	<script src="https://hb.vntsm.com/v3/live/ad-manager.min.js" type="text/javascript" data-site-id="642aba63ec9a7b11c3c9c1be" data-mode="scan" async></script>
<!-- / Venatus Ad Manager -->

<style>
	@media (max-width:820px) {
		.battle {
			margin: 0 auto;
		}
		.battle-log {
			margin: 7px auto 0;
			max-width: 640px;
			height: 300px;
			position: static;
		}
	}
	.optgroup {
		display: inline-block;
		line-height: 22px;
		font-size: 10pt;
	}
	.optgroup .button {
		height: 25px;
		padding-top: 0;
		padding-bottom: 0;
	}
	.optgroup button.button {
		padding-left: 12px;
		padding-right: 12px;
	}
	.linklist {
		list-style: none;
		margin: 0.5em 0;
		padding: 0;
	}
	.linklist li {
		padding: 2px 0;
	}
	.sidebar {
		float: left;
		width: 320px;
	}
	.bar-wrapper {
		max-width: 1100px;
		margin: 0 auto;
	}
	.bar-wrapper.has-sidebar {
		max-width: 1430px;
	}
	.mainbar {
		margin: 0;
		padding-right: 1px;
	}
	.mainbar.has-sidebar {
		margin-left: 330px;
	}
	@media (min-width: 1511px) {
		.sidebar {
			width: 400px;
		}
		.bar-wrapper.has-sidebar {
			max-width: 1510px;
		}
		.mainbar.has-sidebar {
			margin-left: 410px;
		}
	}
	.section.first-section {
		margin-top: 9px;
	}
	.blocklink small {
		white-space: normal;
	}
	.button {
		vertical-align: middle;
	}
	.replay-controls {
		padding-top: 10px;
	}
	.replay-controls h1 {
		font-size: 16pt;
		font-weight: normal;
		color: #CCC;
	}
	.pagelink {
		text-align: center;
	}
	.pagelink a {
		width: 150px;
	}
	.textbox, .button {
		font-size: 11pt;
		vertical-align: middle;
	}
	@media (max-width: 450px) {
		.button {
			font-size: 9pt;
		}
	}
</style>

<div>

	<header>
		<div class="nav-wrapper"><ul class="nav">
			<li><a class="button nav-first" href="//pokemonshowdown.com/"><img src="//pokemonshowdown.com/images/pokemonshowdownbeta.png" srcset="//pokemonshowdown.com/images/pokemonshowdownbeta.png 1x, //pokemonshowdown.com/images/pokemonshowdownbeta@2x.png 2x" alt="Pok&eacute;mon Showdown" width="146" height="44" /> Home</a></li>
			<li><a class="button" href="//pokemonshowdown.com/dex/">Pok&eacute;dex</a></li>
			<li><a class="button cur" href="/">Replays</a></li>
			<li><a class="button" href="//pokemonshowdown.com/ladder/">Ladder</a></li>
			<li><a class="button nav-last" href="//pokemonshowdown.com/forums/">Forum</a></li>
			<li><a class="button greenbutton nav-first nav-last" href="//play.pokemonshowdown.com/">Play</a></li>
		</ul></div>
	</header>

	<div class="main" id="main">

		<noscript><section class="section">You need to enable JavaScript to use this page; sorry!</section></noscript>

	</div>

</div>

<script defer nomodule src="//play.pokemonshowdown.com/js/lib/ps-polyfill.js"></script>
<script defer src="//play.pokemonshowdown.com/js/lib/preact.min.js"></script>

<script defer src="//play.pokemonshowdown.com/config/config.js?2bddbc15"></script>
<script defer src="//play.pokemonshowdown.com/js/lib/jquery-1.11.0.min.js"></script>
<script defer src="//play.pokemonshowdown.com/js/lib/html-sanitizer-minified.js"></script>
<script defer src="//play.pokemonshowdown.com/js/battle-sound.js"></script>
<script defer src="//play.pokemonshowdown.com/js/battledata.js?0.7209276989879541"></script>
<script defer src="//play.pokemonshowdown.com/data/pokedex-mini.js?0.6111056340867951"></script>
<script defer src="//play.pokemonshowdown.com/data/pokedex-mini-bw.js?0.3532142036491459"></script>
<script defer src="//play.pokemonshowdown.com/data/graphics.js?0.24223875632456182"></script>
<script defer src="//play.pokemonshowdown.com/data/pokedex.js?0.38839984266356864"></script>
<script defer src="//play.pokemonshowdown.com/data/moves.js?0.21866028504024015"></script>
<script defer src="//play.pokemonshowdown.com/data/abilities.js?0.2005157953846628"></script>
<script defer src="//play.pokemonshowdown.com/data/items.js?0.9894211263848525"></script>
<script defer src="//play.pokemonshowdown.com/data/teambuilder-tables.js?0.6008791140282215"></script>
<script defer src="//play.pokemonshowdown.com/js/battle-tooltips.js?0.7580118955022959"></script>
<script defer src="//play.pokemonshowdown.com/js/battle.js?0.6057722274234274"></script>

<script defer src="js/utils.js?e31f9a17"></script>
<script defer src="js/replays-battle.js?7008c182"></script>

<!-- don't scrape this data! just add .json or .log after the URL!
Full API docs: https://github.com/smogon/pokemon-showdown-client/blob/master/WEB-API.md -->
<script type="text/plain" class="log" id="replaylog-smogtours-gen3ou-803951">
|inactive|Battle timer is ON: inactive players will automatically lose when time's up.
|t:|1730563255
|gametype|singles
|player|p1|Kenma likes males|lucy-gen3|
|player|p2|Salty Lame-o|hoopster|
|teamsize|p1|6
|teamsize|p2|6
|gen|3
|tier|[Gen 3] OU
|rule|Sleep Clause Mod: Limit one foe put to sleep
|rule|Switch Priority Clause Mod: Faster Pokémon switch first
|rule|Species Clause: Limit one of each Pokémon
|rule|OHKO Clause: OHKO moves are banned
|rule|Evasion Items Clause: Evasion items are banned
|rule|Evasion Moves Clause: Evasion moves are banned
|rule|Endless Battle Clause: Forcing endless battles is banned
|rule|HP Percentage Mod: HP is shown in percentages
|rule|One Boost Passer Clause: Limit one Baton Passer that has a way to boost its stats
|rule|Freeze Clause Mod: Limit one foe frozen
|
|t:|1730563255
|start
|switch|p1a: Ansu Fati|Salamence, F|100/100
|switch|p2a: Smeargle|Smeargle, M|100/100
|-ability|p1a: Ansu Fati|Intimidate|boost
|-unboost|p2a: Smeargle|atk|1
|turn|1
|
|t:|1730563266
|switch|p1a: Kounde|Celebi|100/100
|move|p2a: Smeargle|Spore|p1a: Kounde
|-status|p1a: Kounde|slp|[from] move: Spore
|
|upkeep
|turn|2
|
|t:|1730563277
|-curestatus|p1a: Kounde|slp|[from] ability: Natural Cure
|switch|p1a: Raphinia|Dugtrio, M|100/100
|move|p2a: Smeargle|Spikes|p1a: Raphinia
|-sidestart|p1: Kenma likes males|Spikes
|
|upkeep
|turn|3
|
|t:|1730563290
|move|p1a: Raphinia|Earthquake|p2a: Smeargle
|-damage|p2a: Smeargle|0 fnt
|faint|p2a: Smeargle
|
|t:|1730563297
|switch|p2a: Gengar|Gengar, M|100/100
|
|upkeep
|turn|4
|
|t:|1730563304
|switch|p1a: Kounde|Celebi|100/100
|-damage|p1a: Kounde|88/100|[from] Spikes
|move|p2a: Gengar|Will-O-Wisp|p1a: Kounde
|-status|p1a: Kounde|brn
|
|-heal|p1a: Kounde|94/100 brn|[from] item: Leftovers
|-damage|p1a: Kounde|82/100 brn|[from] brn
|upkeep
|turn|5
|
|t:|1730563315
|move|p2a: Gengar|Ice Punch|p1a: Kounde
|-supereffective|p1a: Kounde
|-damage|p1a: Kounde|43/100 brn
|move|p1a: Kounde|Recover|p1a: Kounde
|-heal|p1a: Kounde|93/100 brn
|
|-heal|p1a: Kounde|99/100 brn|[from] item: Leftovers
|-damage|p1a: Kounde|87/100 brn|[from] brn
|upkeep
|turn|6
|
|t:|1730563325
|move|p2a: Gengar|Ice Punch|p1a: Kounde
|-supereffective|p1a: Kounde
|-damage|p1a: Kounde|46/100 brn
|move|p1a: Kounde|Psychic|p2a: Gengar
|-supereffective|p2a: Gengar
|-damage|p2a: Gengar|0 fnt
|faint|p2a: Gengar
|
|t:|1730563344
|switch|p2a: Tyranitar|Tyranitar, F|100/100
|-weather|Sandstorm|[from] ability: Sand Stream|[of] p2a: Tyranitar
|
|-weather|Sandstorm|[upkeep]
|-damage|p1a: Kounde|40/100 brn|[from] Sandstorm
|-heal|p1a: Kounde|46/100 brn|[from] item: Leftovers
|-damage|p1a: Kounde|34/100 brn|[from] brn
|upkeep
|turn|7
|
|t:|1730563359
|move|p1a: Kounde|Hidden Power|p2a: Tyranitar
|-supereffective|p2a: Tyranitar
|-damage|p2a: Tyranitar|46/100
|move|p2a: Tyranitar|Hidden Power|p1a: Kounde
|-supereffective|p1a: Kounde
|-damage|p1a: Kounde|0 fnt
|faint|p1a: Kounde
|
|t:|1730563362
|switch|p1a: Raphinia|Dugtrio, M|100/100
|-damage|p1a: Raphinia|88/100|[from] Spikes
|
|-weather|Sandstorm|[upkeep]
|upkeep
|turn|8
|
|t:|1730563370
|move|p1a: Raphinia|Earthquake|p2a: Tyranitar
|-supereffective|p2a: Tyranitar
|-damage|p2a: Tyranitar|0 fnt
|faint|p2a: Tyranitar
|
|t:|1730563379
|switch|p2a: Swampert|Swampert, M|100/100
|
|-weather|Sandstorm|[upkeep]
|upkeep
|turn|9
|
|t:|1730563388
|-singleturn|p2a: Swampert|move: Focus Punch
|switch|p1a: Pedri|Milotic, F|100/100
|-damage|p1a: Pedri|88/100|[from] Spikes
|move|p2a: Swampert|Focus Punch|p1a: Pedri
|-damage|p1a: Pedri|60/100
|
|-weather|Sandstorm|[upkeep]
|-damage|p1a: Pedri|54/100|[from] Sandstorm
|-heal|p1a: Pedri|60/100|[from] item: Leftovers
|upkeep
|turn|10
|
|t:|1730563405
|switch|p2a: Jolteon|Jolteon, F|100/100
|move|p1a: Pedri|Toxic|p2a: Jolteon
|-status|p2a: Jolteon|tox
|
|-weather|Sandstorm|[upkeep]
|-damage|p2a: Jolteon|95/100 tox|[from] Sandstorm
|-damage|p1a: Pedri|54/100|[from] Sandstorm
|-heal|p2a: Jolteon|100/100 tox|[from] item: Leftovers
|-damage|p2a: Jolteon|95/100 tox|[from] psn
|-heal|p1a: Pedri|60/100|[from] item: Leftovers
|upkeep
|turn|11
|inactive|Kenma likes males has 270 seconds left.
|
|t:|1730563461
|switch|p1a: Ferran Torres|Jirachi|100/100
|-damage|p1a: Ferran Torres|88/100|[from] Spikes
|move|p2a: Jolteon|Thunderbolt|p1a: Ferran Torres
|-damage|p1a: Ferran Torres|47/100
|
|-weather|Sandstorm|[upkeep]
|-damage|p2a: Jolteon|89/100 tox|[from] Sandstorm
|-heal|p2a: Jolteon|95/100 tox|[from] item: Leftovers
|-damage|p2a: Jolteon|83/100 tox|[from] psn
|-heal|p1a: Ferran Torres|53/100|[from] item: Leftovers
|upkeep
|turn|12
|
|t:|1730563474
|move|p2a: Jolteon|Thunder Wave|p1a: Ferran Torres
|-status|p1a: Ferran Torres|par
|move|p1a: Ferran Torres|Ice Punch|p2a: Jolteon
|-damage|p2a: Jolteon|54/100 tox
|
|-weather|Sandstorm|[upkeep]
|-damage|p2a: Jolteon|48/100 tox|[from] Sandstorm
|-heal|p2a: Jolteon|54/100 tox|[from] item: Leftovers
|-damage|p2a: Jolteon|36/100 tox|[from] psn
|-heal|p1a: Ferran Torres|60/100 par|[from] item: Leftovers
|upkeep
|turn|13
|
|t:|1730563489
|switch|p2a: Golduck|Golduck, M|100/100
|move|p1a: Ferran Torres|Ice Punch|p2a: Golduck
|-resisted|p2a: Golduck
|-damage|p2a: Golduck|85/100
|
|-weather|Sandstorm|[upkeep]
|-heal|p1a: Ferran Torres|66/100 par|[from] item: Leftovers
|upkeep
|turn|14
|
|t:|1730563496
|move|p2a: Golduck|Calm Mind|p2a: Golduck
|-boost|p2a: Golduck|spa|1
|-boost|p2a: Golduck|spd|1
|move|p1a: Ferran Torres|Thunderbolt|p2a: Golduck
|-supereffective|p2a: Golduck
|-damage|p2a: Golduck|34/100
|
|-weather|Sandstorm|[upkeep]
|-heal|p1a: Ferran Torres|72/100 par|[from] item: Leftovers
|upkeep
|turn|15
|
|t:|1730563507
|move|p2a: Golduck|Calm Mind|p2a: Golduck
|-boost|p2a: Golduck|spa|1
|-boost|p2a: Golduck|spd|1
|cant|p1a: Ferran Torres|par
|
|-weather|Sandstorm|[upkeep]
|-heal|p1a: Ferran Torres|78/100 par|[from] item: Leftovers
|upkeep
|turn|16
|
|t:|1730563514
|move|p2a: Golduck|Calm Mind|p2a: Golduck
|-boost|p2a: Golduck|spa|1
|-boost|p2a: Golduck|spd|1
|move|p1a: Ferran Torres|Thunderbolt|p2a: Golduck
|-supereffective|p2a: Golduck
|-damage|p2a: Golduck|2/100
|-status|p2a: Golduck|par
|
|-weather|Sandstorm|[upkeep]
|-heal|p1a: Ferran Torres|84/100 par|[from] item: Leftovers
|-enditem|p2a: Golduck|Salac Berry|[eat]
|-boost|p2a: Golduck|spe|1|[from] item: Salac Berry
|upkeep
|turn|17
|
|t:|1730563528
|move|p2a: Golduck|Surf|p1a: Ferran Torres
|-damage|p1a: Ferran Torres|0 fnt
|faint|p1a: Ferran Torres
|
|t:|1730563538
|switch|p1a: Pedri|Milotic, F|60/100
|-damage|p1a: Pedri|48/100|[from] Spikes
|
|-weather|Sandstorm|[upkeep]
|-heal|p1a: Pedri|54/100|[from] item: Leftovers
|upkeep
|turn|18
|
|t:|1730563551
|move|p1a: Pedri|Surf|p2a: Golduck
|-resisted|p2a: Golduck
|-damage|p2a: Golduck|0 fnt
|faint|p2a: Golduck
|
|t:|1730563556
|switch|p2a: Jolteon|Jolteon, F|36/100 tox
|
|-weather|Sandstorm|[upkeep]
|-damage|p2a: Jolteon|30/100 tox|[from] Sandstorm
|-damage|p1a: Pedri|48/100|[from] Sandstorm
|-heal|p2a: Jolteon|36/100 tox|[from] item: Leftovers
|-damage|p2a: Jolteon|30/100 tox|[from] psn
|-heal|p1a: Pedri|54/100|[from] item: Leftovers
|upkeep
|turn|19
|
|t:|1730563572
|move|p2a: Jolteon|Thunderbolt|p1a: Pedri
|-supereffective|p1a: Pedri
|-damage|p1a: Pedri|0 fnt
|faint|p1a: Pedri
|
|t:|1730563575
|switch|p1a: Lamine Yamal|Raikou|100/100
|-damage|p1a: Lamine Yamal|88/100|[from] Spikes
|
|-weather|Sandstorm|[upkeep]
|-damage|p2a: Jolteon|24/100 tox|[from] Sandstorm
|-damage|p1a: Lamine Yamal|82/100|[from] Sandstorm
|-heal|p2a: Jolteon|30/100 tox|[from] item: Leftovers
|-damage|p2a: Jolteon|19/100 tox|[from] psn
|-heal|p1a: Lamine Yamal|88/100|[from] item: Leftovers
|upkeep
|turn|20
|
|t:|1730563586
|move|p2a: Jolteon|Thunder Wave|p1a: Lamine Yamal
|-status|p1a: Lamine Yamal|par
|move|p1a: Lamine Yamal|Hidden Power|p2a: Jolteon
|-damage|p2a: Jolteon|0 fnt
|faint|p2a: Jolteon
|
|t:|1730563593
|switch|p2a: Swampert|Swampert, M|100/100
|
|-weather|Sandstorm|[upkeep]
|-damage|p1a: Lamine Yamal|82/100 par|[from] Sandstorm
|-heal|p1a: Lamine Yamal|88/100 par|[from] item: Leftovers
|upkeep
|turn|21
|
|t:|1730563601
|move|p2a: Swampert|Ice Beam|p1a: Lamine Yamal
|-crit|p1a: Lamine Yamal
|-damage|p1a: Lamine Yamal|28/100 par
|cant|p1a: Lamine Yamal|par
|
|-weather|Sandstorm|[upkeep]
|-damage|p1a: Lamine Yamal|22/100 par|[from] Sandstorm
|-heal|p1a: Lamine Yamal|28/100 par|[from] item: Leftovers
|upkeep
|turn|22
|
|t:|1730563609
|move|p2a: Swampert|Ice Beam|p1a: Lamine Yamal
|-damage|p1a: Lamine Yamal|0 fnt
|faint|p1a: Lamine Yamal
|
|t:|1730563612
|switch|p1a: Raphinia|Dugtrio, M|88/100
|-damage|p1a: Raphinia|76/100|[from] Spikes
|
|-weather|Sandstorm|[upkeep]
|upkeep
|turn|23
|
|t:|1730563617
|move|p1a: Raphinia|Earthquake|p2a: Swampert
|-damage|p2a: Swampert|47/100
|move|p2a: Swampert|Ice Beam|p1a: Raphinia
|-supereffective|p1a: Raphinia
|-damage|p1a: Raphinia|0 fnt
|faint|p1a: Raphinia
|
|t:|1730563620
|switch|p1a: Ansu Fati|Salamence, F|100/100
|-ability|p1a: Ansu Fati|Intimidate|boost
|-unboost|p2a: Swampert|atk|1
|
|-weather|Sandstorm|[upkeep]
|-damage|p1a: Ansu Fati|94/100|[from] Sandstorm
|-heal|p1a: Ansu Fati|100/100|[from] item: Leftovers
|-heal|p2a: Swampert|53/100|[from] item: Leftovers
|upkeep
|turn|24
|
|t:|1730563630
|move|p1a: Ansu Fati|Hidden Power|p2a: Swampert
|-supereffective|p2a: Swampert
|-damage|p2a: Swampert|0 fnt
|faint|p2a: Swampert
|
|win|Kenma likes males
|player|p1|
|player|p2|
|player|p2|Salty Lame-o|hoopster|

</script>
<script type="application/json" class="data" id="replaydata-smogtours-gen3ou-803951">
{"id":"smogtours-gen3ou-803951","format":"[Gen 3] OU","players":["Kenma likes males","Salty Lame-o"],"uploadtime":1730563630,"views":84,"formatid":"gen3ou","rating":null,"private":0,"password":null}
</script>

<script defer src="js/replays.js?9d40a366"></script>
