<!DOCTYPE html>
<meta charset="utf-8" />
<meta name="viewport" content="width=device-width" />

<title>[Gen 3] OU: dadaasdcfaw vs. catmode - Replays - Pok&eacute;mon Showdown!</title>

<meta name="description" content="Watch a replay of a Pok&eacute;mon battle between dadaasdcfaw and catmode! Format: [Gen 3] OU; Date: Nov 1, 2024" />
<!--

Hey, you! Looking in the source for the replay log?

You can find them in JSON format, just add `.json` at the end of a replay URL.

https://replay.pokemonshowdown.com/gen7randomdoublesbattle-865046831.json

Or, if you only need the log itself, add `.log` instead:

https://replay.pokemonshowdown.com/gen7randomdoublesbattle-865046831.log

-->

<link rel="stylesheet" href="//pokemonshowdown.com/style/global.css?0.023195364461161105" />
<link rel="stylesheet" href="//play.pokemonshowdown.com/style/font-awesome.css?0.13261647063804238" />
<link rel="stylesheet" href="//play.pokemonshowdown.com/style/battle.css?0.8753245789963631" />
<link rel="stylesheet" href="//play.pokemonshowdown.com/style/utilichart.css?0.8627959624976733" />

<!-- Global site tag (gtag.js) - Google Analytics -->
<script async src="https://www.googletagmanager.com/gtag/js?id=UA-26211653-1"></script>
<script>
  window.dataLayer = window.dataLayer || [];
  function gtag(){dataLayer.push(arguments);}
  gtag('js', new Date());

  gtag('config', 'UA-26211653-1');
</script>
<!-- End Google Analytics -->
<!-- Venatus Ad Manager - Install in <HEAD> of page -->
	<script src="https://hb.vntsm.com/v3/live/ad-manager.min.js" type="text/javascript" data-site-id="642aba63ec9a7b11c3c9c1be" data-mode="scan" async></script>
<!-- / Venatus Ad Manager -->

<style>
	@media (max-width:820px) {
		.battle {
			margin: 0 auto;
		}
		.battle-log {
			margin: 7px auto 0;
			max-width: 640px;
			height: 300px;
			position: static;
		}
	}
	.optgroup {
		display: inline-block;
		line-height: 22px;
		font-size: 10pt;
	}
	.optgroup .button {
		height: 25px;
		padding-top: 0;
		padding-bottom: 0;
	}
	.optgroup button.button {
		padding-left: 12px;
		padding-right: 12px;
	}
	.linklist {
		list-style: none;
		margin: 0.5em 0;
		padding: 0;
	}
	.linklist li {
		padding: 2px 0;
	}
	.sidebar {
		float: left;
		width: 320px;
	}
	.bar-wrapper {
		max-width: 1100px;
		margin: 0 auto;
	}
	.bar-wrapper.has-sidebar {
		max-width: 1430px;
	}
	.mainbar {
		margin: 0;
		padding-right: 1px;
	}
	.mainbar.has-sidebar {
		margin-left: 330px;
	}
	@media (min-width: 1511px) {
		.sidebar {
			width: 400px;
		}
		.bar-wrapper.has-sidebar {
			max-width: 1510px;
		}
		.mainbar.has-sidebar {
			margin-left: 410px;
		}
	}
	.section.first-section {
		margin-top: 9px;
	}
	.blocklink small {
		white-space: normal;
	}
	.button {
		vertical-align: middle;
	}
	.replay-controls {
		padding-top: 10px;
	}
	.replay-controls h1 {
		font-size: 16pt;
		font-weight: normal;
		color: #CCC;
	}
	.pagelink {
		text-align: center;
	}
	.pagelink a {
		width: 150px;
	}
	.textbox, .button {
		font-size: 11pt;
		vertical-align: middle;
	}
	@media (max-width: 450px) {
		.button {
			font-size: 9pt;
		}
	}
</style>

<div>

	<header>
		<div class="nav-wrapper"><ul class="nav">
			<li><a class="button nav-first" href="//pokemonshowdown.com/"><img src="//pokemonshowdown.com/images/pokemonshowdownbeta.png" srcset="//pokemonshowdown.com/images/pokemonshowdownbeta.png 1x, //pokemonshowdown.com/images/pokemonshowdownbeta@2x.png 2x" alt="Pok&eacute;mon Showdown" width="146" height="44" /> Home</a></li>
			<li><a class="button" href="//pokemonshowdown.com/dex/">Pok&eacute;dex</a></li>
			<li><a class="button cur" href="/">Replays</a></li>
			<li><a class="button" href="//pokemonshowdown.com/ladder/">Ladder</a></li>
			<li><a class="button nav-last" href="//pokemonshowdown.com/forums/">Forum</a></li>
			<li><a class="button greenbutton nav-first nav-last" href="//play.pokemonshowdown.com/">Play</a></li>
		</ul></div>
	</header>

	<div class="main" id="main">

		<noscript><section class="section">You need to enable JavaScript to use this page; sorry!</section></noscript>

	</div>

</div>

<script defer nomodule src="//play.pokemonshowdown.com/js/lib/ps-polyfill.js"></script>
<script defer src="//play.pokemonshowdown.com/js/lib/preact.min.js"></script>

<script defer src="//play.pokemonshowdown.com/config/config.js?2bddbc15"></script>
<script defer src="//play.pokemonshowdown.com/js/lib/jquery-1.11.0.min.js"></script>
<script defer src="//play.pokemonshowdown.com/js/lib/html-sanitizer-minified.js"></script>
<script defer src="//play.pokemonshowdown.com/js/battle-sound.js"></script>
<script defer src="//play.pokemonshowdown.com/js/battledata.js?0.7209276989879541"></script>
<script defer src="//play.pokemonshowdown.com/data/pokedex-mini.js?0.6111056340867951"></script>
<script defer src="//play.pokemonshowdown.com/data/pokedex-mini-bw.js?0.3532142036491459"></script>
<script defer src="//play.pokemonshowdown.com/data/graphics.js?0.24223875632456182"></script>
<script defer src="//play.pokemonshowdown.com/data/pokedex.js?0.38839984266356864"></script>
<script defer src="//play.pokemonshowdown.com/data/moves.js?0.21866028504024015"></script>
<script defer src="//play.pokemonshowdown.com/data/abilities.js?0.2005157953846628"></script>
<script defer src="//play.pokemonshowdown.com/data/items.js?0.9894211263848525"></script>
<script defer src="//play.pokemonshowdown.com/data/teambuilder-tables.js?0.6008791140282215"></script>
<script defer src="//play.pokemonshowdown.com/js/battle-tooltips.js?0.7580118955022959"></script>
<script defer src="//play.pokemonshowdown.com/js/battle.js?0.6057722274234274"></script>

<script defer src="js/utils.js?e31f9a17"></script>
<script defer src="js/replays-battle.js?7008c182"></script>

<!-- don't scrape this data! just add .json or .log after the URL!
Full API docs: https://github.com/smogon/pokemon-showdown-client/blob/master/WEB-API.md -->
<script type="text/plain" class="log" id="replaylog-smogtours-gen3ou-803800">
|inactive|Battle timer is ON: inactive players will automatically lose when time's up.
|t:|1730493255
|gametype|singles
|player|p1|dadaasdcfaw|2|
|player|p2|catmode|miku-ground|
|teamsize|p1|6
|teamsize|p2|6
|gen|3
|tier|[Gen 3] OU
|rule|Sleep Clause Mod: Limit one foe put to sleep
|rule|Switch Priority Clause Mod: Faster Pokémon switch first
|rule|Species Clause: Limit one of each Pokémon
|rule|OHKO Clause: OHKO moves are banned
|rule|Evasion Items Clause: Evasion items are banned
|rule|Evasion Moves Clause: Evasion moves are banned
|rule|Endless Battle Clause: Forcing endless battles is banned
|rule|HP Percentage Mod: HP is shown in percentages
|rule|One Boost Passer Clause: Limit one Baton Passer that has a way to boost its stats
|rule|Freeze Clause Mod: Limit one foe frozen
|
|t:|1730493255
|start
|switch|p1a: Tyranitar|Tyranitar, F|100/100
|switch|p2a: Grandad|Zapdos|100/100
|-weather|Sandstorm|[from] ability: Sand Stream|[of] p1a: Tyranitar
|turn|1
|c|☆catmode|glhf
|inactive|dadaasdcfaw has 270 seconds left.
|inactive|catmode has 270 seconds left.
|c|☆dadaasdcfaw|glhf
|
|t:|1730493298
|move|p2a: Grandad|Thunderbolt|p1a: Tyranitar
|-damage|p1a: Tyranitar|59/100
|move|p1a: Tyranitar|Pursuit|p2a: Grandad
|-damage|p2a: Grandad|81/100
|
|-weather|Sandstorm|[upkeep]
|-damage|p2a: Grandad|75/100|[from] Sandstorm
|-heal|p2a: Grandad|81/100|[from] item: Leftovers
|-heal|p1a: Tyranitar|66/100|[from] item: Leftovers
|upkeep
|turn|2
|
|t:|1730493313
|switch|p1a: Swampert|Swampert, F|100/100
|move|p2a: Grandad|Thunderbolt|p1a: Swampert
|-immune|p1a: Swampert
|
|-weather|Sandstorm|[upkeep]
|-damage|p2a: Grandad|75/100|[from] Sandstorm
|-heal|p2a: Grandad|81/100|[from] item: Leftovers
|upkeep
|turn|3
|
|t:|1730493318
|move|p2a: Grandad|Baton Pass|p2a: Grandad
|
|t:|1730493335
|switch|p2a: Uncle Ruckus|Suicune, shiny|100/100|[from] Baton Pass
|move|p1a: Swampert|Hydro Pump|p2a: Uncle Ruckus
|-resisted|p2a: Uncle Ruckus
|-damage|p2a: Uncle Ruckus|77/100
|
|-weather|Sandstorm|[upkeep]
|-damage|p2a: Uncle Ruckus|71/100|[from] Sandstorm
|-heal|p2a: Uncle Ruckus|77/100|[from] item: Leftovers
|upkeep
|turn|4
|
|t:|1730493345
|switch|p1a: Celebi|Celebi|100/100
|move|p2a: Uncle Ruckus|Calm Mind|p2a: Uncle Ruckus
|-boost|p2a: Uncle Ruckus|spa|1
|-boost|p2a: Uncle Ruckus|spd|1
|
|-weather|Sandstorm|[upkeep]
|-damage|p2a: Uncle Ruckus|71/100|[from] Sandstorm
|-damage|p1a: Celebi|94/100|[from] Sandstorm
|-heal|p2a: Uncle Ruckus|77/100|[from] item: Leftovers
|-heal|p1a: Celebi|100/100|[from] item: Leftovers
|upkeep
|turn|5
|
|t:|1730493361
|move|p2a: Uncle Ruckus|Ice Beam|p1a: Celebi
|-supereffective|p1a: Celebi
|-damage|p1a: Celebi|43/100
|-status|p1a: Celebi|frz
|cant|p1a: Celebi|frz
|
|-weather|Sandstorm|[upkeep]
|-damage|p2a: Uncle Ruckus|71/100|[from] Sandstorm
|-damage|p1a: Celebi|37/100 frz|[from] Sandstorm
|-heal|p2a: Uncle Ruckus|77/100|[from] item: Leftovers
|-heal|p1a: Celebi|43/100 frz|[from] item: Leftovers
|upkeep
|turn|6
|c|☆catmode|ayo
|
|t:|1730493371
|move|p2a: Uncle Ruckus|Calm Mind|p2a: Uncle Ruckus
|-boost|p2a: Uncle Ruckus|spa|1
|-boost|p2a: Uncle Ruckus|spd|1
|cant|p1a: Celebi|frz
|
|-weather|Sandstorm|[upkeep]
|-damage|p2a: Uncle Ruckus|71/100|[from] Sandstorm
|-damage|p1a: Celebi|37/100 frz|[from] Sandstorm
|-heal|p2a: Uncle Ruckus|77/100|[from] item: Leftovers
|-heal|p1a: Celebi|43/100 frz|[from] item: Leftovers
|upkeep
|turn|7
|
|t:|1730493383
|-curestatus|p1a: Celebi|frz|[from] ability: Natural Cure
|switch|p1a: Metagross|Metagross|100/100
|move|p2a: Uncle Ruckus|Calm Mind|p2a: Uncle Ruckus
|-boost|p2a: Uncle Ruckus|spa|1
|-boost|p2a: Uncle Ruckus|spd|1
|
|-weather|Sandstorm|[upkeep]
|-damage|p2a: Uncle Ruckus|71/100|[from] Sandstorm
|-heal|p2a: Uncle Ruckus|77/100|[from] item: Leftovers
|upkeep
|turn|8
|
|t:|1730493391
|move|p2a: Uncle Ruckus|Surf|p1a: Metagross
|-damage|p1a: Metagross|0 fnt
|faint|p1a: Metagross
|
|t:|1730493394
|switch|p1a: Magneton|Magneton|100/100
|
|-weather|Sandstorm|[upkeep]
|-damage|p2a: Uncle Ruckus|71/100|[from] Sandstorm
|-heal|p2a: Uncle Ruckus|77/100|[from] item: Leftovers
|upkeep
|turn|9
|
|t:|1730493397
|move|p2a: Uncle Ruckus|Surf|p1a: Magneton
|-damage|p1a: Magneton|0 fnt
|faint|p1a: Magneton
|
|t:|1730493402
|switch|p1a: Aerodactyl|Aerodactyl, M|100/100
|
|-weather|Sandstorm|[upkeep]
|-damage|p2a: Uncle Ruckus|71/100|[from] Sandstorm
|-heal|p2a: Uncle Ruckus|77/100|[from] item: Leftovers
|upkeep
|turn|10
|
|t:|1730493405
|move|p1a: Aerodactyl|Substitute|p1a: Aerodactyl
|-start|p1a: Aerodactyl|Substitute
|-damage|p1a: Aerodactyl|75/100
|move|p2a: Uncle Ruckus|Surf|p1a: Aerodactyl
|-supereffective|p1a: Aerodactyl
|-end|p1a: Aerodactyl|Substitute
|
|-weather|Sandstorm|[upkeep]
|-damage|p2a: Uncle Ruckus|71/100|[from] Sandstorm
|-heal|p2a: Uncle Ruckus|77/100|[from] item: Leftovers
|upkeep
|turn|11
|
|t:|1730493408
|move|p1a: Aerodactyl|Substitute|p1a: Aerodactyl
|-start|p1a: Aerodactyl|Substitute
|-damage|p1a: Aerodactyl|50/100
|move|p2a: Uncle Ruckus|Surf|p1a: Aerodactyl
|-supereffective|p1a: Aerodactyl
|-end|p1a: Aerodactyl|Substitute
|
|-weather|Sandstorm|[upkeep]
|-damage|p2a: Uncle Ruckus|71/100|[from] Sandstorm
|-heal|p2a: Uncle Ruckus|77/100|[from] item: Leftovers
|upkeep
|turn|12
|
|t:|1730493411
|move|p1a: Aerodactyl|Substitute|p1a: Aerodactyl
|-start|p1a: Aerodactyl|Substitute
|-damage|p1a: Aerodactyl|25/100
|move|p2a: Uncle Ruckus|Roar|p1a: Aerodactyl
|drag|p1a: Celebi|Celebi|43/100
|
|-weather|Sandstorm|[upkeep]
|-damage|p2a: Uncle Ruckus|71/100|[from] Sandstorm
|-damage|p1a: Celebi|37/100|[from] Sandstorm
|-heal|p2a: Uncle Ruckus|77/100|[from] item: Leftovers
|-heal|p1a: Celebi|43/100|[from] item: Leftovers
|upkeep
|turn|13
|
|t:|1730493423
|move|p2a: Uncle Ruckus|Ice Beam|p1a: Celebi
|-supereffective|p1a: Celebi
|-damage|p1a: Celebi|0 fnt
|faint|p1a: Celebi
|
|t:|1730493424
|switch|p1a: Aerodactyl|Aerodactyl, M|25/100
|
|-weather|Sandstorm|[upkeep]
|-damage|p2a: Uncle Ruckus|71/100|[from] Sandstorm
|-enditem|p1a: Aerodactyl|Liechi Berry|[eat]
|-boost|p1a: Aerodactyl|atk|1|[from] item: Liechi Berry
|-heal|p2a: Uncle Ruckus|77/100|[from] item: Leftovers
|upkeep
|turn|14
|
|t:|1730493427
|move|p1a: Aerodactyl|Rock Slide|p2a: Uncle Ruckus
|-damage|p2a: Uncle Ruckus|31/100
|cant|p2a: Uncle Ruckus|flinch
|
|-weather|Sandstorm|[upkeep]
|-damage|p2a: Uncle Ruckus|25/100|[from] Sandstorm
|-heal|p2a: Uncle Ruckus|31/100|[from] item: Leftovers
|upkeep
|turn|15
|
|t:|1730493450
|move|p1a: Aerodactyl|Double-Edge|p2a: Uncle Ruckus
|-damage|p2a: Uncle Ruckus|0 fnt
|faint|p2a: Uncle Ruckus
|
|t:|1730493466
|switch|p2a: Stinkmeaner|Jirachi|100/100
|
|-weather|Sandstorm|[upkeep]
|upkeep
|turn|16
|
|t:|1730493482
|switch|p1a: Swampert|Swampert, F|100/100
|move|p2a: Stinkmeaner|Calm Mind|p2a: Stinkmeaner
|-boost|p2a: Stinkmeaner|spa|1
|-boost|p2a: Stinkmeaner|spd|1
|
|-weather|Sandstorm|[upkeep]
|upkeep
|turn|17
|
|t:|1730493486
|move|p2a: Stinkmeaner|Hidden Power|p1a: Swampert
|-supereffective|p1a: Swampert
|-damage|p1a: Swampert|0 fnt
|faint|p1a: Swampert
|
|t:|1730493489
|switch|p1a: Aerodactyl|Aerodactyl, M|25/100
|
|-weather|Sandstorm|[upkeep]
|upkeep
|turn|18
|
|t:|1730493491
|move|p1a: Aerodactyl|Earthquake|p2a: Stinkmeaner
|-supereffective|p2a: Stinkmeaner
|-damage|p2a: Stinkmeaner|55/100
|move|p2a: Stinkmeaner|Psychic|p1a: Aerodactyl
|-crit|p1a: Aerodactyl
|-damage|p1a: Aerodactyl|0 fnt
|faint|p1a: Aerodactyl
|-message|dadaasdcfaw forfeited.
|
|win|catmode
|player|p1|

</script>
<script type="application/json" class="data" id="replaydata-smogtours-gen3ou-803800">
{"id":"smogtours-gen3ou-803800","format":"[Gen 3] OU","players":["dadaasdcfaw","catmode"],"uploadtime":1730493499,"views":46,"formatid":"gen3ou","rating":null,"private":0,"password":null}
</script>

<script defer src="js/replays.js?9d40a366"></script>
