<!DOCTYPE html>
<meta charset="utf-8" />
<meta name="viewport" content="width=device-width" />

<title>[Gen 3] OU: mobjamin vs. Levy&#039;s Chair - Replays - Pok&eacute;mon Showdown!</title>

<meta name="description" content="Watch a replay of a Pok&eacute;mon battle between mobjamin and Levy&#039;s Chair! Format: [Gen 3] OU; Date: Oct 22, 2024" />
<!--

Hey, you! Looking in the source for the replay log?

You can find them in JSON format, just add `.json` at the end of a replay URL.

https://replay.pokemonshowdown.com/gen7randomdoublesbattle-865046831.json

Or, if you only need the log itself, add `.log` instead:

https://replay.pokemonshowdown.com/gen7randomdoublesbattle-865046831.log

-->

<link rel="stylesheet" href="//pokemonshowdown.com/style/global.css?0.767286132409787" />
<link rel="stylesheet" href="//play.pokemonshowdown.com/style/font-awesome.css?0.9266228007934947" />
<link rel="stylesheet" href="//play.pokemonshowdown.com/style/battle.css?0.7924700842790926" />
<link rel="stylesheet" href="//play.pokemonshowdown.com/style/utilichart.css?0.8777417872839479" />

<!-- Global site tag (gtag.js) - Google Analytics -->
<script async src="https://www.googletagmanager.com/gtag/js?id=UA-26211653-1"></script>
<script>
  window.dataLayer = window.dataLayer || [];
  function gtag(){dataLayer.push(arguments);}
  gtag('js', new Date());

  gtag('config', 'UA-26211653-1');
</script>
<!-- End Google Analytics -->
<!-- Venatus Ad Manager - Install in <HEAD> of page -->
	<script src="https://hb.vntsm.com/v3/live/ad-manager.min.js" type="text/javascript" data-site-id="642aba63ec9a7b11c3c9c1be" data-mode="scan" async></script>
<!-- / Venatus Ad Manager -->

<style>
	@media (max-width:820px) {
		.battle {
			margin: 0 auto;
		}
		.battle-log {
			margin: 7px auto 0;
			max-width: 640px;
			height: 300px;
			position: static;
		}
	}
	.optgroup {
		display: inline-block;
		line-height: 22px;
		font-size: 10pt;
	}
	.optgroup .button {
		height: 25px;
		padding-top: 0;
		padding-bottom: 0;
	}
	.optgroup button.button {
		padding-left: 12px;
		padding-right: 12px;
	}
	.linklist {
		list-style: none;
		margin: 0.5em 0;
		padding: 0;
	}
	.linklist li {
		padding: 2px 0;
	}
	.sidebar {
		float: left;
		width: 320px;
	}
	.bar-wrapper {
		max-width: 1100px;
		margin: 0 auto;
	}
	.bar-wrapper.has-sidebar {
		max-width: 1430px;
	}
	.mainbar {
		margin: 0;
		padding-right: 1px;
	}
	.mainbar.has-sidebar {
		margin-left: 330px;
	}
	@media (min-width: 1511px) {
		.sidebar {
			width: 400px;
		}
		.bar-wrapper.has-sidebar {
			max-width: 1510px;
		}
		.mainbar.has-sidebar {
			margin-left: 410px;
		}
	}
	.section.first-section {
		margin-top: 9px;
	}
	.blocklink small {
		white-space: normal;
	}
	.button {
		vertical-align: middle;
	}
	.replay-controls {
		padding-top: 10px;
	}
	.replay-controls h1 {
		font-size: 16pt;
		font-weight: normal;
		color: #CCC;
	}
	.pagelink {
		text-align: center;
	}
	.pagelink a {
		width: 150px;
	}
	.textbox, .button {
		font-size: 11pt;
		vertical-align: middle;
	}
	@media (max-width: 450px) {
		.button {
			font-size: 9pt;
		}
	}
</style>

<div>

	<header>
		<div class="nav-wrapper"><ul class="nav">
			<li><a class="button nav-first" href="//pokemonshowdown.com/"><img src="//pokemonshowdown.com/images/pokemonshowdownbeta.png" srcset="//pokemonshowdown.com/images/pokemonshowdownbeta.png 1x, //pokemonshowdown.com/images/pokemonshowdownbeta@2x.png 2x" alt="Pok&eacute;mon Showdown" width="146" height="44" /> Home</a></li>
			<li><a class="button" href="//pokemonshowdown.com/dex/">Pok&eacute;dex</a></li>
			<li><a class="button cur" href="/">Replays</a></li>
			<li><a class="button" href="//pokemonshowdown.com/ladder/">Ladder</a></li>
			<li><a class="button nav-last" href="//pokemonshowdown.com/forums/">Forum</a></li>
			<li><a class="button greenbutton nav-first nav-last" href="//play.pokemonshowdown.com/">Play</a></li>
		</ul></div>
	</header>

	<div class="main" id="main">

		<noscript><section class="section">You need to enable JavaScript to use this page; sorry!</section></noscript>

	</div>

</div>

<script defer nomodule src="//play.pokemonshowdown.com/js/lib/ps-polyfill.js"></script>
<script defer src="//play.pokemonshowdown.com/js/lib/preact.min.js"></script>

<script defer src="//play.pokemonshowdown.com/config/config.js?6dec07f6"></script>
<script defer src="//play.pokemonshowdown.com/js/lib/jquery-1.11.0.min.js"></script>
<script defer src="//play.pokemonshowdown.com/js/lib/html-sanitizer-minified.js"></script>
<script defer src="//play.pokemonshowdown.com/js/battle-sound.js"></script>
<script defer src="//play.pokemonshowdown.com/js/battledata.js?0.6315294753075389"></script>
<script defer src="//play.pokemonshowdown.com/data/pokedex-mini.js?0.7603743185311358"></script>
<script defer src="//play.pokemonshowdown.com/data/pokedex-mini-bw.js?0.030888842834281283"></script>
<script defer src="//play.pokemonshowdown.com/data/graphics.js?0.05593094747507488"></script>
<script defer src="//play.pokemonshowdown.com/data/pokedex.js?0.47064822249611904"></script>
<script defer src="//play.pokemonshowdown.com/data/moves.js?0.8583693120512459"></script>
<script defer src="//play.pokemonshowdown.com/data/abilities.js?0.16017181182386842"></script>
<script defer src="//play.pokemonshowdown.com/data/items.js?0.4163379185673943"></script>
<script defer src="//play.pokemonshowdown.com/data/teambuilder-tables.js?0.31075597372830477"></script>
<script defer src="//play.pokemonshowdown.com/js/battle-tooltips.js?0.6536193500708172"></script>
<script defer src="//play.pokemonshowdown.com/js/battle.js?0.1916591943277901"></script>

<script defer src="js/utils.js?e31f9a17"></script>
<script defer src="js/replays-battle.js?7008c182"></script>

<!-- don't scrape this data! just add .json or .log after the URL!
Full API docs: https://github.com/smogon/pokemon-showdown-client/blob/master/WEB-API.md -->
<script type="text/plain" class="log" id="replaylog-smogtours-gen3ou-801276">
|inactive|Battle timer is ON: inactive players will automatically lose when time's up.
|t:|1729633405
|gametype|singles
|player|p1|mobjamin|265|
|player|p2|Levy's Chair|1|
|teamsize|p1|6
|teamsize|p2|6
|gen|3
|tier|[Gen 3] OU
|rule|Sleep Clause Mod: Limit one foe put to sleep
|rule|Switch Priority Clause Mod: Faster Pokémon switch first
|rule|Species Clause: Limit one of each Pokémon
|rule|OHKO Clause: OHKO moves are banned
|rule|Evasion Items Clause: Evasion items are banned
|rule|Evasion Moves Clause: Evasion moves are banned
|rule|Endless Battle Clause: Forcing endless battles is banned
|rule|HP Percentage Mod: HP is shown in percentages
|rule|One Boost Passer Clause: Limit one Baton Passer that has a way to boost its stats
|rule|Freeze Clause Mod: Limit one foe frozen
|
|t:|1729633405
|start
|switch|p1a: Skarmory|Skarmory, M|100/100
|switch|p2a: Zapdos|Zapdos|100/100
|turn|1
|
|t:|1729633418
|move|p2a: Zapdos|Baton Pass|p2a: Zapdos
|
|t:|1729633447
|switch|p2a: Suicune|Suicune|100/100|[from] Baton Pass
|move|p1a: Skarmory|Drill Peck|p2a: Suicune
|-damage|p2a: Suicune|80/100
|
|-heal|p2a: Suicune|86/100|[from] item: Leftovers
|upkeep
|turn|2
|
|t:|1729633459
|move|p2a: Suicune|Calm Mind|p2a: Suicune
|-boost|p2a: Suicune|spa|1
|-boost|p2a: Suicune|spd|1
|move|p1a: Skarmory|Spikes|p2a: Suicune
|-sidestart|p2: Levy's Chair|Spikes
|
|-heal|p2a: Suicune|92/100|[from] item: Leftovers
|upkeep
|turn|3
|
|t:|1729633461
|move|p2a: Suicune|Surf|p1a: Skarmory
|-damage|p1a: Skarmory|42/100
|move|p1a: Skarmory|Roar|p2a: Suicune
|drag|p2a: Dugtrio|Dugtrio, M|100/100
|-damage|p2a: Dugtrio|88/100|[from] Spikes
|
|-heal|p1a: Skarmory|48/100|[from] item: Leftovers
|upkeep
|turn|4
|
|t:|1729633468
|switch|p2a: Zapdos|Zapdos|100/100
|move|p1a: Skarmory|Spikes|p2a: Zapdos
|-sidestart|p2: Levy's Chair|Spikes
|
|-heal|p1a: Skarmory|54/100|[from] item: Leftovers
|upkeep
|turn|5
|
|t:|1729633473
|move|p1a: Skarmory|Protect|p1a: Skarmory
|-singleturn|p1a: Skarmory|Protect
|move|p2a: Zapdos|Thunderbolt|p1a: Skarmory
|-activate|p1a: Skarmory|Protect
|
|-heal|p1a: Skarmory|60/100|[from] item: Leftovers
|upkeep
|turn|6
|
|t:|1729633479
|move|p2a: Zapdos|Thunder Wave|p1a: Skarmory
|-status|p1a: Skarmory|par
|move|p1a: Skarmory|Spikes|p2a: Zapdos
|-sidestart|p2: Levy's Chair|Spikes
|
|-heal|p1a: Skarmory|66/100 par|[from] item: Leftovers
|upkeep
|turn|7
|
|t:|1729633484
|switch|p1a: Regice|Regice|100/100
|move|p2a: Zapdos|Thunderbolt|p1a: Regice
|-damage|p1a: Regice|76/100
|-status|p1a: Regice|par
|
|-heal|p1a: Regice|82/100 par|[from] item: Leftovers
|upkeep
|turn|8
|
|t:|1729633490
|move|p2a: Zapdos|Baton Pass|p2a: Zapdos
|
|t:|1729633499
|switch|p2a: Metagross|Metagross|100/100|[from] Baton Pass
|-damage|p2a: Metagross|76/100|[from] Spikes
|move|p1a: Regice|Thunderbolt|p2a: Metagross
|-damage|p2a: Metagross|42/100
|
|-heal|p1a: Regice|88/100 par|[from] item: Leftovers
|upkeep
|turn|9
|
|t:|1729633507
|switch|p1a: Skarmory|Skarmory, M|66/100 par
|move|p2a: Metagross|Meteor Mash|p1a: Skarmory
|-resisted|p1a: Skarmory
|-crit|p1a: Skarmory
|-damage|p1a: Skarmory|0 fnt
|-boost|p2a: Metagross|atk|1
|faint|p1a: Skarmory
|
|t:|1729633526
|switch|p1a: Claydol|Claydol|100/100
|
|upkeep
|turn|10
|
|t:|1729633533
|move|p1a: Claydol|Earthquake|p2a: Metagross
|-supereffective|p2a: Metagross
|-damage|p2a: Metagross|0 fnt
|faint|p2a: Metagross
|inactive|Levy's Chair has 270 seconds left.
|
|t:|1729633564
|switch|p2a: Zapdos|Zapdos|100/100
|
|upkeep
|turn|11
|
|t:|1729633569
|move|p2a: Zapdos|Hidden Power|p1a: Claydol
|-supereffective|p1a: Claydol
|-damage|p1a: Claydol|51/100
|move|p1a: Claydol|Explosion|p2a: Zapdos
|-damage|p2a: Zapdos|0 fnt
|faint|p1a: Claydol
|faint|p2a: Zapdos
|
|t:|1729633585
|switch|p2a: Snorlax|Snorlax, M|100/100
|switch|p1a: Gengar|Gengar, M|100/100
|-damage|p2a: Snorlax|75/100|[from] Spikes
|
|-heal|p2a: Snorlax|82/100|[from] item: Leftovers
|upkeep
|turn|12
|
|t:|1729633591
|move|p1a: Gengar|Explosion|p2a: Snorlax
|-damage|p2a: Snorlax|26/100
|faint|p1a: Gengar
|
|t:|1729633595
|switch|p1a: Metagross|Metagross|100/100
|
|-heal|p2a: Snorlax|32/100|[from] item: Leftovers
|upkeep
|turn|13
|
|t:|1729633606
|move|p1a: Metagross|Meteor Mash|p2a: Snorlax
|-damage|p2a: Snorlax|0 fnt
|-boost|p1a: Metagross|atk|1
|faint|p2a: Snorlax
|
|t:|1729633629
|switch|p2a: Dugtrio|Dugtrio, M|88/100
|-damage|p2a: Dugtrio|63/100|[from] Spikes
|
|upkeep
|turn|14
|
|t:|1729633632
|move|p2a: Dugtrio|Earthquake|p1a: Metagross
|-supereffective|p1a: Metagross
|-damage|p1a: Metagross|15/100
|move|p1a: Metagross|Agility|p1a: Metagross
|-boost|p1a: Metagross|spe|2
|
|-heal|p1a: Metagross|21/100|[from] item: Leftovers
|upkeep
|turn|15
|
|t:|1729633637
|move|p1a: Metagross|Earthquake|p2a: Dugtrio
|-crit|p2a: Dugtrio
|-damage|p2a: Dugtrio|0 fnt
|faint|p2a: Dugtrio
|
|t:|1729633644
|switch|p2a: Suicune|Suicune|92/100
|-damage|p2a: Suicune|67/100|[from] Spikes
|
|-heal|p1a: Metagross|28/100|[from] item: Leftovers
|-heal|p2a: Suicune|73/100|[from] item: Leftovers
|upkeep
|turn|16
|
|t:|1729633650
|move|p1a: Metagross|Earthquake|p2a: Suicune
|-damage|p2a: Suicune|19/100
|move|p2a: Suicune|Surf|p1a: Metagross
|-damage|p1a: Metagross|0 fnt
|faint|p1a: Metagross
|
|t:|1729633656
|switch|p1a: Regice|Regice|88/100 par
|
|-heal|p2a: Suicune|25/100|[from] item: Leftovers
|-heal|p1a: Regice|94/100 par|[from] item: Leftovers
|upkeep
|turn|17
|
|t:|1729633661
|move|p2a: Suicune|Rest|p2a: Suicune
|-status|p2a: Suicune|slp|[from] move: Rest
|-heal|p2a: Suicune|100/100 slp|[silent]
|move|p1a: Regice|Thunderbolt|p2a: Suicune
|-supereffective|p2a: Suicune
|-damage|p2a: Suicune|44/100 slp
|
|-heal|p2a: Suicune|50/100 slp|[from] item: Leftovers
|-heal|p1a: Regice|100/100 par|[from] item: Leftovers
|upkeep
|turn|18
|
|t:|1729633669
|cant|p2a: Suicune|slp
|move|p1a: Regice|Thunderbolt|p2a: Suicune
|-supereffective|p2a: Suicune
|-damage|p2a: Suicune|0 fnt
|faint|p2a: Suicune
|
|t:|1729633673
|switch|p2a: Kingdra|Kingdra, F|100/100
|-damage|p2a: Kingdra|76/100|[from] Spikes
|
|upkeep
|turn|19
|
|t:|1729633677
|move|p2a: Kingdra|Rain Dance|p2a: Kingdra
|-weather|RainDance
|move|p1a: Regice|Explosion|p2a: Kingdra
|-crit|p2a: Kingdra
|-damage|p2a: Kingdra|0 fnt
|faint|p1a: Regice
|faint|p2a: Kingdra
|
|win|mobjamin
|c|☆Levy's Chair|gg
|c|☆mobjamin|Gg

</script>
<script type="application/json" class="data" id="replaydata-smogtours-gen3ou-801276">
{"id":"smogtours-gen3ou-801276","format":"[Gen 3] OU","players":["mobjamin","Levy's Chair"],"uploadtime":1729633677,"views":95,"formatid":"gen3ou","rating":null,"private":0,"password":null}
</script>

<script defer src="js/replays.js?9d40a366"></script>
