<!DOCTYPE html>
<meta charset="utf-8" />
<meta name="viewport" content="width=device-width" />

<title>[Gen 3] OU: MagsAndMiles vs. T1W1B - Replays - Pok&eacute;mon Showdown!</title>

<meta name="description" content="Watch a replay of a Pok&eacute;mon battle between MagsAndMiles and T1W1B! Format: [Gen 3] OU; Date: Oct 6, 2024" />
<!--

Hey, you! Looking in the source for the replay log?

You can find them in JSON format, just add `.json` at the end of a replay URL.

https://replay.pokemonshowdown.com/gen7randomdoublesbattle-865046831.json

Or, if you only need the log itself, add `.log` instead:

https://replay.pokemonshowdown.com/gen7randomdoublesbattle-865046831.log

-->

<link rel="stylesheet" href="//pokemonshowdown.com/style/global.css?0.023195364461161105" />
<link rel="stylesheet" href="//play.pokemonshowdown.com/style/font-awesome.css?0.13261647063804238" />
<link rel="stylesheet" href="//play.pokemonshowdown.com/style/battle.css?0.8753245789963631" />
<link rel="stylesheet" href="//play.pokemonshowdown.com/style/utilichart.css?0.8627959624976733" />

<!-- Global site tag (gtag.js) - Google Analytics -->
<script async src="https://www.googletagmanager.com/gtag/js?id=UA-26211653-1"></script>
<script>
  window.dataLayer = window.dataLayer || [];
  function gtag(){dataLayer.push(arguments);}
  gtag('js', new Date());

  gtag('config', 'UA-26211653-1');
</script>
<!-- End Google Analytics -->
<!-- Venatus Ad Manager - Install in <HEAD> of page -->
	<script src="https://hb.vntsm.com/v3/live/ad-manager.min.js" type="text/javascript" data-site-id="642aba63ec9a7b11c3c9c1be" data-mode="scan" async></script>
<!-- / Venatus Ad Manager -->

<style>
	@media (max-width:820px) {
		.battle {
			margin: 0 auto;
		}
		.battle-log {
			margin: 7px auto 0;
			max-width: 640px;
			height: 300px;
			position: static;
		}
	}
	.optgroup {
		display: inline-block;
		line-height: 22px;
		font-size: 10pt;
	}
	.optgroup .button {
		height: 25px;
		padding-top: 0;
		padding-bottom: 0;
	}
	.optgroup button.button {
		padding-left: 12px;
		padding-right: 12px;
	}
	.linklist {
		list-style: none;
		margin: 0.5em 0;
		padding: 0;
	}
	.linklist li {
		padding: 2px 0;
	}
	.sidebar {
		float: left;
		width: 320px;
	}
	.bar-wrapper {
		max-width: 1100px;
		margin: 0 auto;
	}
	.bar-wrapper.has-sidebar {
		max-width: 1430px;
	}
	.mainbar {
		margin: 0;
		padding-right: 1px;
	}
	.mainbar.has-sidebar {
		margin-left: 330px;
	}
	@media (min-width: 1511px) {
		.sidebar {
			width: 400px;
		}
		.bar-wrapper.has-sidebar {
			max-width: 1510px;
		}
		.mainbar.has-sidebar {
			margin-left: 410px;
		}
	}
	.section.first-section {
		margin-top: 9px;
	}
	.blocklink small {
		white-space: normal;
	}
	.button {
		vertical-align: middle;
	}
	.replay-controls {
		padding-top: 10px;
	}
	.replay-controls h1 {
		font-size: 16pt;
		font-weight: normal;
		color: #CCC;
	}
	.pagelink {
		text-align: center;
	}
	.pagelink a {
		width: 150px;
	}
	.textbox, .button {
		font-size: 11pt;
		vertical-align: middle;
	}
	@media (max-width: 450px) {
		.button {
			font-size: 9pt;
		}
	}
</style>

<div>

	<header>
		<div class="nav-wrapper"><ul class="nav">
			<li><a class="button nav-first" href="//pokemonshowdown.com/"><img src="//pokemonshowdown.com/images/pokemonshowdownbeta.png" srcset="//pokemonshowdown.com/images/pokemonshowdownbeta.png 1x, //pokemonshowdown.com/images/pokemonshowdownbeta@2x.png 2x" alt="Pok&eacute;mon Showdown" width="146" height="44" /> Home</a></li>
			<li><a class="button" href="//pokemonshowdown.com/dex/">Pok&eacute;dex</a></li>
			<li><a class="button cur" href="/">Replays</a></li>
			<li><a class="button" href="//pokemonshowdown.com/ladder/">Ladder</a></li>
			<li><a class="button nav-last" href="//pokemonshowdown.com/forums/">Forum</a></li>
			<li><a class="button greenbutton nav-first nav-last" href="//play.pokemonshowdown.com/">Play</a></li>
		</ul></div>
	</header>

	<div class="main" id="main">

		<noscript><section class="section">You need to enable JavaScript to use this page; sorry!</section></noscript>

	</div>

</div>

<script defer nomodule src="//play.pokemonshowdown.com/js/lib/ps-polyfill.js"></script>
<script defer src="//play.pokemonshowdown.com/js/lib/preact.min.js"></script>

<script defer src="//play.pokemonshowdown.com/config/config.js?2bddbc15"></script>
<script defer src="//play.pokemonshowdown.com/js/lib/jquery-1.11.0.min.js"></script>
<script defer src="//play.pokemonshowdown.com/js/lib/html-sanitizer-minified.js"></script>
<script defer src="//play.pokemonshowdown.com/js/battle-sound.js"></script>
<script defer src="//play.pokemonshowdown.com/js/battledata.js?0.7209276989879541"></script>
<script defer src="//play.pokemonshowdown.com/data/pokedex-mini.js?0.6111056340867951"></script>
<script defer src="//play.pokemonshowdown.com/data/pokedex-mini-bw.js?0.3532142036491459"></script>
<script defer src="//play.pokemonshowdown.com/data/graphics.js?0.24223875632456182"></script>
<script defer src="//play.pokemonshowdown.com/data/pokedex.js?0.38839984266356864"></script>
<script defer src="//play.pokemonshowdown.com/data/moves.js?0.21866028504024015"></script>
<script defer src="//play.pokemonshowdown.com/data/abilities.js?0.2005157953846628"></script>
<script defer src="//play.pokemonshowdown.com/data/items.js?0.9894211263848525"></script>
<script defer src="//play.pokemonshowdown.com/data/teambuilder-tables.js?0.6008791140282215"></script>
<script defer src="//play.pokemonshowdown.com/js/battle-tooltips.js?0.7580118955022959"></script>
<script defer src="//play.pokemonshowdown.com/js/battle.js?0.6057722274234274"></script>

<script defer src="js/utils.js?e31f9a17"></script>
<script defer src="js/replays-battle.js?7008c182"></script>

<!-- don't scrape this data! just add .json or .log after the URL!
Full API docs: https://github.com/smogon/pokemon-showdown-client/blob/master/WEB-API.md -->
<script type="text/plain" class="log" id="replaylog-smogtours-gen3ou-795835">
|inactive|Battle timer is ON: inactive players will automatically lose when time's up.
|t:|1728240562
|gametype|singles
|player|p1|MagsAndMiles|2|
|player|p2|T1W1B|whitney|
|teamsize|p1|6
|teamsize|p2|6
|gen|3
|tier|[Gen 3] OU
|rule|Sleep Clause Mod: Limit one foe put to sleep
|rule|Switch Priority Clause Mod: Faster Pokémon switch first
|rule|Species Clause: Limit one of each Pokémon
|rule|OHKO Clause: OHKO moves are banned
|rule|Evasion Items Clause: Evasion items are banned
|rule|Evasion Moves Clause: Evasion moves are banned
|rule|Endless Battle Clause: Forcing endless battles is banned
|rule|HP Percentage Mod: HP is shown in percentages
|rule|One Boost Passer Clause: Limit one Baton Passer that has a way to boost its stats
|rule|Freeze Clause Mod: Limit one foe frozen
|
|t:|1728240562
|start
|switch|p1a: Medicham|Medicham, F|100/100
|switch|p2a: Skarmory|Skarmory, M|100/100
|turn|1
|inactive|T1W1B has 270 seconds left.
|
|t:|1728240593
|-singleturn|p1a: Medicham|move: Focus Punch
|switch|p2a: Mantine|Mantine, M|100/100
|move|p1a: Medicham|Focus Punch|p2a: Mantine
|-resisted|p2a: Mantine
|-damage|p2a: Mantine|56/100
|
|-heal|p2a: Mantine|62/100|[from] item: Leftovers
|upkeep
|turn|2
|
|t:|1728240612
|switch|p1a: Gyarados|Gyarados, M|100/100
|-ability|p1a: Gyarados|Intimidate|boost
|-unboost|p2a: Mantine|atk|1
|move|p2a: Mantine|Surf|p1a: Gyarados
|-resisted|p1a: Gyarados
|-damage|p1a: Gyarados|87/100
|
|-heal|p1a: Gyarados|93/100|[from] item: Leftovers
|-heal|p2a: Mantine|68/100|[from] item: Leftovers
|upkeep
|turn|3
|
|t:|1728240628
|switch|p1a: Medicham|Medicham, F|100/100
|switch|p2a: Jolteon|Jolteon, M|100/100
|
|upkeep
|turn|4
|
|t:|1728240644
|move|p2a: Jolteon|Baton Pass|p2a: Jolteon
|
|t:|1728240649
|switch|p2a: Starmie|Starmie|100/100|[from] Baton Pass
|move|p1a: Medicham|Brick Break|p2a: Starmie
|-resisted|p2a: Starmie
|-crit|p2a: Starmie
|-damage|p2a: Starmie|47/100
|
|-heal|p2a: Starmie|53/100|[from] item: Leftovers
|upkeep
|turn|5
|inactive|MagsAndMiles has 270 seconds left.
|
|t:|1728240685
|move|p2a: Starmie|Recover|p2a: Starmie
|-heal|p2a: Starmie|100/100
|move|p1a: Medicham|Shadow Ball|p2a: Starmie
|-supereffective|p2a: Starmie
|-damage|p2a: Starmie|17/100
|
|-heal|p2a: Starmie|23/100|[from] item: Leftovers
|upkeep
|turn|6
|
|t:|1728240707
|switch|p2a: Skarmory|Skarmory, M|100/100
|move|p1a: Medicham|Shadow Ball|p2a: Skarmory
|-resisted|p2a: Skarmory
|-damage|p2a: Skarmory|88/100
|-unboost|p2a: Skarmory|spd|1
|
|-heal|p2a: Skarmory|94/100|[from] item: Leftovers
|upkeep
|turn|7
|
|t:|1728240712
|switch|p1a: Magneton|Magneton|100/100
|move|p2a: Skarmory|Spikes|p1a: Magneton
|-sidestart|p1: MagsAndMiles|Spikes
|
|-heal|p2a: Skarmory|99/100|[from] item: Leftovers
|upkeep
|turn|8
|
|t:|1728240717
|move|p1a: Magneton|Thunderbolt|p2a: Skarmory
|-supereffective|p2a: Skarmory
|-damage|p2a: Skarmory|0 fnt
|faint|p2a: Skarmory
|inactive|T1W1B has 270 seconds left.
|
|t:|1728240761
|switch|p2a: Jirachi|Jirachi|100/100
|
|upkeep
|turn|9
|
|t:|1728240776
|move|p2a: Jirachi|Psychic|p1a: Magneton
|-resisted|p1a: Magneton
|-damage|p1a: Magneton|64/100
|-unboost|p1a: Magneton|spd|1
|move|p1a: Magneton|Thunder Wave|p2a: Jirachi
|-status|p2a: Jirachi|par
|
|upkeep
|turn|10
|inactive|T1W1B has 270 seconds left.
|
|t:|1728240789
|switch|p1a: Dugtrio|Dugtrio, F|100/100
|-damage|p1a: Dugtrio|88/100|[from] Spikes
|cant|p2a: Jirachi|par
|
|upkeep
|turn|11
|
|t:|1728240796
|move|p1a: Dugtrio|Earthquake|p2a: Jirachi
|-supereffective|p2a: Jirachi
|-damage|p2a: Jirachi|12/100 par
|move|p2a: Jirachi|Psychic|p1a: Dugtrio
|-crit|p1a: Dugtrio
|-damage|p1a: Dugtrio|0 fnt
|faint|p1a: Dugtrio
|
|t:|1728240800
|switch|p1a: Magneton|Magneton|64/100
|-damage|p1a: Magneton|52/100|[from] Spikes
|
|-heal|p2a: Jirachi|18/100 par|[from] item: Leftovers
|upkeep
|turn|12
|
|t:|1728240820
|move|p1a: Magneton|Thunderbolt|p2a: Jirachi
|-damage|p2a: Jirachi|0 fnt
|faint|p2a: Jirachi
|inactive|T1W1B has 270 seconds left.
|
|t:|1728240854
|switch|p2a: Starmie|Starmie|23/100
|
|-heal|p2a: Starmie|30/100|[from] item: Leftovers
|upkeep
|turn|13
|
|t:|1728240859
|move|p1a: Magneton|Endure|p1a: Magneton
|-singleturn|p1a: Magneton|move: Endure
|move|p2a: Starmie|Surf|p1a: Magneton
|-activate|p1a: Magneton|move: Endure
|-damage|p1a: Magneton|1/100
|
|-heal|p2a: Starmie|36/100|[from] item: Leftovers
|-enditem|p1a: Magneton|Salac Berry|[eat]
|-boost|p1a: Magneton|spe|1|[from] item: Salac Berry
|upkeep
|turn|14
|
|t:|1728240882
|switch|p2a: Jolteon|Jolteon, M|100/100
|move|p1a: Magneton|Thunder Wave|p2a: Jolteon
|-status|p2a: Jolteon|par
|
|upkeep
|turn|15
|
|t:|1728240889
|move|p1a: Magneton|Hidden Power|p2a: Jolteon
|-damage|p2a: Jolteon|68/100 par
|move|p2a: Jolteon|Hidden Power|p1a: Magneton
|-resisted|p1a: Magneton
|-damage|p1a: Magneton|0 fnt
|faint|p1a: Magneton
|
|t:|1728240909
|switch|p1a: Gyarados|Gyarados, M|93/100
|-ability|p1a: Gyarados|Intimidate|boost
|-unboost|p2a: Jolteon|atk|1
|
|-heal|p1a: Gyarados|99/100|[from] item: Leftovers
|-heal|p2a: Jolteon|74/100 par|[from] item: Leftovers
|upkeep
|turn|16
|inactive|T1W1B has 270 seconds left.
|
|t:|1728240937
|switch|p2a: Mantine|Mantine, M|68/100
|move|p1a: Gyarados|Earthquake|p2a: Mantine
|-immune|p2a: Mantine
|
|-heal|p1a: Gyarados|100/100|[from] item: Leftovers
|-heal|p2a: Mantine|74/100|[from] item: Leftovers
|upkeep
|turn|17
|inactive|T1W1B has 240 seconds left.
|
|t:|1728240966
|move|p1a: Gyarados|Dragon Dance|p1a: Gyarados
|-boost|p1a: Gyarados|atk|1
|-boost|p1a: Gyarados|spe|1
|move|p2a: Mantine|Ice Beam|p1a: Gyarados
|-damage|p1a: Gyarados|82/100
|
|-heal|p1a: Gyarados|88/100|[from] item: Leftovers
|-heal|p2a: Mantine|80/100|[from] item: Leftovers
|upkeep
|turn|18
|
|t:|1728240977
|move|p1a: Gyarados|Hidden Power|p2a: Mantine
|-damage|p2a: Mantine|28/100
|move|p2a: Mantine|Haze|p2a: Mantine
|-clearallboost
|
|-heal|p1a: Gyarados|94/100|[from] item: Leftovers
|-heal|p2a: Mantine|34/100|[from] item: Leftovers
|upkeep
|turn|19
|
|t:|1728240993
|move|p1a: Gyarados|Dragon Dance|p1a: Gyarados
|-boost|p1a: Gyarados|atk|1
|-boost|p1a: Gyarados|spe|1
|move|p2a: Mantine|Haze|p2a: Mantine
|-clearallboost
|
|-heal|p1a: Gyarados|100/100|[from] item: Leftovers
|-heal|p2a: Mantine|40/100|[from] item: Leftovers
|upkeep
|turn|20
|
|t:|1728241005
|move|p1a: Gyarados|Dragon Dance|p1a: Gyarados
|-boost|p1a: Gyarados|atk|1
|-boost|p1a: Gyarados|spe|1
|move|p2a: Mantine|Ice Beam|p1a: Gyarados
|-damage|p1a: Gyarados|82/100
|
|-heal|p1a: Gyarados|88/100|[from] item: Leftovers
|-heal|p2a: Mantine|46/100|[from] item: Leftovers
|upkeep
|turn|21
|
|t:|1728241014
|move|p1a: Gyarados|Hidden Power|p2a: Mantine
|-damage|p2a: Mantine|0 fnt
|faint|p2a: Mantine
|
|t:|1728241019
|switch|p2a: Tyranitar|Tyranitar, F|100/100
|-weather|Sandstorm|[from] ability: Sand Stream|[of] p2a: Tyranitar
|
|-weather|Sandstorm|[upkeep]
|-damage|p1a: Gyarados|82/100|[from] Sandstorm
|-heal|p1a: Gyarados|88/100|[from] item: Leftovers
|upkeep
|turn|22
|
|t:|1728241023
|move|p1a: Gyarados|Earthquake|p2a: Tyranitar
|-supereffective|p2a: Tyranitar
|-crit|p2a: Tyranitar
|-damage|p2a: Tyranitar|0 fnt
|faint|p2a: Tyranitar
|
|t:|1728241028
|switch|p2a: Starmie|Starmie|36/100
|
|-weather|Sandstorm|[upkeep]
|-damage|p1a: Gyarados|82/100|[from] Sandstorm
|-damage|p2a: Starmie|30/100|[from] Sandstorm
|-heal|p1a: Gyarados|88/100|[from] item: Leftovers
|-heal|p2a: Starmie|36/100|[from] item: Leftovers
|upkeep
|turn|23
|
|t:|1728241031
|move|p1a: Gyarados|Hidden Power|p2a: Starmie
|-damage|p2a: Starmie|0 fnt
|faint|p2a: Starmie
|
|t:|1728241034
|switch|p2a: Jolteon|Jolteon, M|74/100 par
|
|-weather|Sandstorm|[upkeep]
|-damage|p1a: Gyarados|82/100|[from] Sandstorm
|-damage|p2a: Jolteon|68/100 par|[from] Sandstorm
|-heal|p1a: Gyarados|88/100|[from] item: Leftovers
|-heal|p2a: Jolteon|74/100 par|[from] item: Leftovers
|upkeep
|turn|24
|
|t:|1728241037
|move|p1a: Gyarados|Earthquake|p2a: Jolteon
|-supereffective|p2a: Jolteon
|-damage|p2a: Jolteon|0 fnt
|faint|p2a: Jolteon
|
|win|MagsAndMiles
|c|☆MagsAndMiles|Good game :)
|c|☆T1W1B|пп
|c|☆T1W1B|gg
|c|☆MagsAndMiles|one for all the marbles 
|player|p1|

</script>
<script type="application/json" class="data" id="replaydata-smogtours-gen3ou-795835">
{"id":"smogtours-gen3ou-795835","format":"[Gen 3] OU","players":["MagsAndMiles","T1W1B"],"uploadtime":1728241037,"views":112,"formatid":"gen3ou","rating":null,"private":1,"password":null}
</script>

<script defer src="js/replays.js?9d40a366"></script>
