<!DOCTYPE html>
<meta charset="utf-8" />
<meta name="viewport" content="width=device-width" />

<title>[Gen 3] OU: AirPan vs. keeping it icy - Replays - Pok&eacute;mon Showdown!</title>

<meta name="description" content="Watch a replay of a Pok&eacute;mon battle between AirPan and keeping it icy! Format: [Gen 3] OU; Date: Oct 24, 2024" />
<!--

Hey, you! Looking in the source for the replay log?

You can find them in JSON format, just add `.json` at the end of a replay URL.

https://replay.pokemonshowdown.com/gen7randomdoublesbattle-865046831.json

Or, if you only need the log itself, add `.log` instead:

https://replay.pokemonshowdown.com/gen7randomdoublesbattle-865046831.log

-->

<link rel="stylesheet" href="//pokemonshowdown.com/style/global.css?0.023195364461161105" />
<link rel="stylesheet" href="//play.pokemonshowdown.com/style/font-awesome.css?0.13261647063804238" />
<link rel="stylesheet" href="//play.pokemonshowdown.com/style/battle.css?0.8753245789963631" />
<link rel="stylesheet" href="//play.pokemonshowdown.com/style/utilichart.css?0.8627959624976733" />

<!-- Global site tag (gtag.js) - Google Analytics -->
<script async src="https://www.googletagmanager.com/gtag/js?id=UA-26211653-1"></script>
<script>
  window.dataLayer = window.dataLayer || [];
  function gtag(){dataLayer.push(arguments);}
  gtag('js', new Date());

  gtag('config', 'UA-26211653-1');
</script>
<!-- End Google Analytics -->
<!-- Venatus Ad Manager - Install in <HEAD> of page -->
	<script src="https://hb.vntsm.com/v3/live/ad-manager.min.js" type="text/javascript" data-site-id="642aba63ec9a7b11c3c9c1be" data-mode="scan" async></script>
<!-- / Venatus Ad Manager -->

<style>
	@media (max-width:820px) {
		.battle {
			margin: 0 auto;
		}
		.battle-log {
			margin: 7px auto 0;
			max-width: 640px;
			height: 300px;
			position: static;
		}
	}
	.optgroup {
		display: inline-block;
		line-height: 22px;
		font-size: 10pt;
	}
	.optgroup .button {
		height: 25px;
		padding-top: 0;
		padding-bottom: 0;
	}
	.optgroup button.button {
		padding-left: 12px;
		padding-right: 12px;
	}
	.linklist {
		list-style: none;
		margin: 0.5em 0;
		padding: 0;
	}
	.linklist li {
		padding: 2px 0;
	}
	.sidebar {
		float: left;
		width: 320px;
	}
	.bar-wrapper {
		max-width: 1100px;
		margin: 0 auto;
	}
	.bar-wrapper.has-sidebar {
		max-width: 1430px;
	}
	.mainbar {
		margin: 0;
		padding-right: 1px;
	}
	.mainbar.has-sidebar {
		margin-left: 330px;
	}
	@media (min-width: 1511px) {
		.sidebar {
			width: 400px;
		}
		.bar-wrapper.has-sidebar {
			max-width: 1510px;
		}
		.mainbar.has-sidebar {
			margin-left: 410px;
		}
	}
	.section.first-section {
		margin-top: 9px;
	}
	.blocklink small {
		white-space: normal;
	}
	.button {
		vertical-align: middle;
	}
	.replay-controls {
		padding-top: 10px;
	}
	.replay-controls h1 {
		font-size: 16pt;
		font-weight: normal;
		color: #CCC;
	}
	.pagelink {
		text-align: center;
	}
	.pagelink a {
		width: 150px;
	}
	.textbox, .button {
		font-size: 11pt;
		vertical-align: middle;
	}
	@media (max-width: 450px) {
		.button {
			font-size: 9pt;
		}
	}
</style>

<div>

	<header>
		<div class="nav-wrapper"><ul class="nav">
			<li><a class="button nav-first" href="//pokemonshowdown.com/"><img src="//pokemonshowdown.com/images/pokemonshowdownbeta.png" srcset="//pokemonshowdown.com/images/pokemonshowdownbeta.png 1x, //pokemonshowdown.com/images/pokemonshowdownbeta@2x.png 2x" alt="Pok&eacute;mon Showdown" width="146" height="44" /> Home</a></li>
			<li><a class="button" href="//pokemonshowdown.com/dex/">Pok&eacute;dex</a></li>
			<li><a class="button cur" href="/">Replays</a></li>
			<li><a class="button" href="//pokemonshowdown.com/ladder/">Ladder</a></li>
			<li><a class="button nav-last" href="//pokemonshowdown.com/forums/">Forum</a></li>
			<li><a class="button greenbutton nav-first nav-last" href="//play.pokemonshowdown.com/">Play</a></li>
		</ul></div>
	</header>

	<div class="main" id="main">

		<noscript><section class="section">You need to enable JavaScript to use this page; sorry!</section></noscript>

	</div>

</div>

<script defer nomodule src="//play.pokemonshowdown.com/js/lib/ps-polyfill.js"></script>
<script defer src="//play.pokemonshowdown.com/js/lib/preact.min.js"></script>

<script defer src="//play.pokemonshowdown.com/config/config.js?2bddbc15"></script>
<script defer src="//play.pokemonshowdown.com/js/lib/jquery-1.11.0.min.js"></script>
<script defer src="//play.pokemonshowdown.com/js/lib/html-sanitizer-minified.js"></script>
<script defer src="//play.pokemonshowdown.com/js/battle-sound.js"></script>
<script defer src="//play.pokemonshowdown.com/js/battledata.js?0.7209276989879541"></script>
<script defer src="//play.pokemonshowdown.com/data/pokedex-mini.js?0.6111056340867951"></script>
<script defer src="//play.pokemonshowdown.com/data/pokedex-mini-bw.js?0.3532142036491459"></script>
<script defer src="//play.pokemonshowdown.com/data/graphics.js?0.24223875632456182"></script>
<script defer src="//play.pokemonshowdown.com/data/pokedex.js?0.38839984266356864"></script>
<script defer src="//play.pokemonshowdown.com/data/moves.js?0.21866028504024015"></script>
<script defer src="//play.pokemonshowdown.com/data/abilities.js?0.2005157953846628"></script>
<script defer src="//play.pokemonshowdown.com/data/items.js?0.9894211263848525"></script>
<script defer src="//play.pokemonshowdown.com/data/teambuilder-tables.js?0.6008791140282215"></script>
<script defer src="//play.pokemonshowdown.com/js/battle-tooltips.js?0.7580118955022959"></script>
<script defer src="//play.pokemonshowdown.com/js/battle.js?0.6057722274234274"></script>

<script defer src="js/utils.js?e31f9a17"></script>
<script defer src="js/replays-battle.js?7008c182"></script>

<!-- don't scrape this data! just add .json or .log after the URL!
Full API docs: https://github.com/smogon/pokemon-showdown-client/blob/master/WEB-API.md -->
<script type="text/plain" class="log" id="replaylog-smogtours-gen3ou-801653">
|inactive|Battle timer is ON: inactive players will automatically lose when time's up.
|t:|1729804737
|gametype|singles
|player|p1|AirPan|pokemonrangerf-gen4|
|player|p2|keeping it icy|skier-gen2|
|teamsize|p1|6
|teamsize|p2|6
|gen|3
|tier|[Gen 3] OU
|rule|Sleep Clause Mod: Limit one foe put to sleep
|rule|Switch Priority Clause Mod: Faster Pokémon switch first
|rule|Species Clause: Limit one of each Pokémon
|rule|OHKO Clause: OHKO moves are banned
|rule|Evasion Items Clause: Evasion items are banned
|rule|Evasion Moves Clause: Evasion moves are banned
|rule|Endless Battle Clause: Forcing endless battles is banned
|rule|HP Percentage Mod: HP is shown in percentages
|rule|One Boost Passer Clause: Limit one Baton Passer that has a way to boost its stats
|rule|Freeze Clause Mod: Limit one foe frozen
|
|t:|1729804737
|start
|switch|p1a: no feelings|Tyranitar, M, shiny|100/100
|switch|p2a: Zapdos|Zapdos|100/100
|-weather|Sandstorm|[from] ability: Sand Stream|[of] p1a: no feelings
|turn|1
|inactive|keeping it icy has 270 seconds left.
|
|t:|1729804776
|move|p2a: Zapdos|Thunderbolt|p1a: no feelings
|-damage|p1a: no feelings|57/100
|move|p1a: no feelings|Rock Slide|p2a: Zapdos
|-supereffective|p2a: Zapdos
|-damage|p2a: Zapdos|0 fnt
|faint|p2a: Zapdos
|
|t:|1729804781
|switch|p2a: Dugtrio|Dugtrio, F|100/100
|
|-weather|Sandstorm|[upkeep]
|upkeep
|turn|2
|
|t:|1729804784
|move|p2a: Dugtrio|Earthquake|p1a: no feelings
|-supereffective|p1a: no feelings
|-damage|p1a: no feelings|0 fnt
|faint|p1a: no feelings
|
|t:|1729804785
|switch|p1a: pretty vacant|Zapdos|100/100
|
|-weather|Sandstorm|[upkeep]
|-damage|p1a: pretty vacant|94/100|[from] Sandstorm
|-heal|p1a: pretty vacant|100/100|[from] item: Leftovers
|upkeep
|turn|3
|
|t:|1729804792
|switch|p2a: Celebi|Celebi|100/100
|move|p1a: pretty vacant|Toxic|p2a: Celebi
|-status|p2a: Celebi|tox
|
|-weather|Sandstorm|[upkeep]
|-damage|p2a: Celebi|94/100 tox|[from] Sandstorm
|-damage|p1a: pretty vacant|94/100|[from] Sandstorm
|-heal|p2a: Celebi|100/100 tox|[from] item: Leftovers
|-damage|p2a: Celebi|94/100 tox|[from] psn
|-heal|p1a: pretty vacant|100/100|[from] item: Leftovers
|upkeep
|turn|4
|inactive|AirPan has 270 seconds left.
|inactive|keeping it icy has 270 seconds left.
|
|t:|1729804836
|move|p2a: Celebi|Calm Mind|p2a: Celebi
|-boost|p2a: Celebi|spa|1
|-boost|p2a: Celebi|spd|1
|move|p1a: pretty vacant|Roar|p2a: Celebi
|-curestatus|p2a: Celebi|tox|[from] ability: Natural Cure
|drag|p2a: Suicune|Suicune|100/100
|
|-weather|Sandstorm|[upkeep]
|-damage|p2a: Suicune|94/100|[from] Sandstorm
|-damage|p1a: pretty vacant|94/100|[from] Sandstorm
|-heal|p2a: Suicune|100/100|[from] item: Leftovers
|-heal|p1a: pretty vacant|100/100|[from] item: Leftovers
|upkeep
|turn|5
|inactive|keeping it icy has 240 seconds left.
|
|t:|1729804868
|switch|p2a: Celebi|Celebi|94/100
|move|p1a: pretty vacant|Thunderbolt|p2a: Celebi
|-resisted|p2a: Celebi
|-damage|p2a: Celebi|76/100
|
|-weather|Sandstorm|[upkeep]
|-damage|p2a: Celebi|69/100|[from] Sandstorm
|-damage|p1a: pretty vacant|94/100|[from] Sandstorm
|-heal|p2a: Celebi|76/100|[from] item: Leftovers
|-heal|p1a: pretty vacant|100/100|[from] item: Leftovers
|upkeep
|turn|6
|inactive|AirPan has 270 seconds left.
|
|t:|1729804883
|move|p2a: Celebi|Calm Mind|p2a: Celebi
|-boost|p2a: Celebi|spa|1
|-boost|p2a: Celebi|spd|1
|move|p1a: pretty vacant|Roar|p2a: Celebi
|drag|p2a: Dugtrio|Dugtrio, F|100/100
|
|-weather|Sandstorm|[upkeep]
|-damage|p1a: pretty vacant|94/100|[from] Sandstorm
|-heal|p1a: pretty vacant|100/100|[from] item: Leftovers
|upkeep
|turn|7
|
|t:|1729804888
|move|p2a: Dugtrio|Rock Slide|p1a: pretty vacant
|-supereffective|p1a: pretty vacant
|-damage|p1a: pretty vacant|39/100
|move|p1a: pretty vacant|Toxic|p2a: Dugtrio
|-status|p2a: Dugtrio|tox
|
|-weather|Sandstorm|[upkeep]
|-damage|p1a: pretty vacant|33/100|[from] Sandstorm
|-damage|p2a: Dugtrio|94/100 tox|[from] psn
|-heal|p1a: pretty vacant|39/100|[from] item: Leftovers
|upkeep
|turn|8
|
|t:|1729804894
|switch|p2a: Celebi|Celebi|76/100
|switch|p1a: bodies|Forretress, F, shiny|100/100
|
|-weather|Sandstorm|[upkeep]
|-damage|p2a: Celebi|69/100|[from] Sandstorm
|-heal|p2a: Celebi|76/100|[from] item: Leftovers
|upkeep
|turn|9
|inactive|keeping it icy has 240 seconds left.
|
|t:|1729804924
|switch|p2a: Jirachi|Jirachi|100/100
|move|p1a: bodies|Spikes|p2a: Jirachi
|-sidestart|p2: keeping it icy|Spikes
|
|-weather|Sandstorm|[upkeep]
|upkeep
|turn|10
|
|t:|1729804931
|switch|p1a: anarchy in the uk|Celebi|100/100
|move|p2a: Jirachi|Calm Mind|p2a: Jirachi
|-boost|p2a: Jirachi|spa|1
|-boost|p2a: Jirachi|spd|1
|
|-weather|Sandstorm|[upkeep]
|-damage|p1a: anarchy in the uk|94/100|[from] Sandstorm
|-heal|p1a: anarchy in the uk|100/100|[from] item: Leftovers
|upkeep
|turn|11
|
|t:|1729804939
|move|p2a: Jirachi|Substitute|p2a: Jirachi
|-start|p2a: Jirachi|Substitute
|-damage|p2a: Jirachi|75/100
|move|p1a: anarchy in the uk|Leech Seed||[still]
|-fail|p1a: anarchy in the uk
|
|-weather|Sandstorm|[upkeep]
|-damage|p1a: anarchy in the uk|94/100|[from] Sandstorm
|-heal|p2a: Jirachi|82/100|[from] item: Leftovers
|-heal|p1a: anarchy in the uk|100/100|[from] item: Leftovers
|upkeep
|turn|12
|
|t:|1729804949
|switch|p1a: problems|Swampert, F, shiny|100/100
|move|p2a: Jirachi|Calm Mind|p2a: Jirachi
|-boost|p2a: Jirachi|spa|1
|-boost|p2a: Jirachi|spd|1
|
|-weather|Sandstorm|[upkeep]
|-heal|p2a: Jirachi|88/100|[from] item: Leftovers
|upkeep
|turn|13
|
|t:|1729804952
|move|p2a: Jirachi|Psychic|p1a: problems
|-damage|p1a: problems|37/100
|move|p1a: problems|Earthquake|p2a: Jirachi
|-supereffective|p2a: Jirachi
|-end|p2a: Jirachi|Substitute
|
|-weather|Sandstorm|[upkeep]
|-heal|p2a: Jirachi|94/100|[from] item: Leftovers
|-heal|p1a: problems|43/100|[from] item: Leftovers
|upkeep
|turn|14
|
|t:|1729804957
|move|p2a: Jirachi|Psychic|p1a: problems
|-damage|p1a: problems|0 fnt
|faint|p1a: problems
|
|t:|1729804963
|switch|p1a: bodies|Forretress, F, shiny|100/100
|
|-weather|Sandstorm|[upkeep]
|-heal|p2a: Jirachi|99/100|[from] item: Leftovers
|upkeep
|turn|15
|
|t:|1729804965
|move|p2a: Jirachi|Fire Punch|p1a: bodies
|-supereffective|p1a: bodies
|-damage|p1a: bodies|0 fnt
|faint|p1a: bodies
|
|t:|1729804967
|switch|p1a: pretty vacant|Zapdos|39/100
|
|-weather|Sandstorm|[upkeep]
|-damage|p1a: pretty vacant|33/100|[from] Sandstorm
|-heal|p2a: Jirachi|100/100|[from] item: Leftovers
|-heal|p1a: pretty vacant|39/100|[from] item: Leftovers
|upkeep
|turn|16
|
|t:|1729804970
|move|p2a: Jirachi|Psychic|p1a: pretty vacant
|-damage|p1a: pretty vacant|0 fnt
|faint|p1a: pretty vacant
|
|t:|1729804972
|switch|p1a: god save the queen|Umbreon, F|100/100
|
|-weather|Sandstorm|[upkeep]
|-damage|p1a: god save the queen|94/100|[from] Sandstorm
|-heal|p1a: god save the queen|100/100|[from] item: Leftovers
|upkeep
|turn|17
|
|t:|1729804975
|move|p2a: Jirachi|Substitute|p2a: Jirachi
|-start|p2a: Jirachi|Substitute
|-damage|p2a: Jirachi|75/100
|move|p1a: god save the queen|Wish|p1a: god save the queen
|
|-weather|Sandstorm|[upkeep]
|-damage|p1a: god save the queen|94/100|[from] Sandstorm
|-heal|p2a: Jirachi|82/100|[from] item: Leftovers
|-heal|p1a: god save the queen|100/100|[from] item: Leftovers
|upkeep
|turn|18
|
|t:|1729804978
|switch|p1a: anarchy in the uk|Celebi|100/100
|move|p2a: Jirachi|Calm Mind|p2a: Jirachi
|-boost|p2a: Jirachi|spa|1
|-boost|p2a: Jirachi|spd|1
|
|-weather|Sandstorm|[upkeep]
|-damage|p1a: anarchy in the uk|94/100|[from] Sandstorm
|-heal|p2a: Jirachi|88/100|[from] item: Leftovers
|-heal|p1a: anarchy in the uk|100/100|[from] item: Leftovers
|upkeep
|turn|19
|-message|AirPan forfeited.
|
|win|keeping it icy
|c|☆AirPan|gg
|c|☆keeping it icy|Ggwp

</script>
<script type="application/json" class="data" id="replaydata-smogtours-gen3ou-801653">
{"id":"smogtours-gen3ou-801653","format":"[Gen 3] OU","players":["AirPan","keeping it icy"],"uploadtime":1729804988,"views":123,"formatid":"gen3ou","rating":null,"private":0,"password":null}
</script>

<script defer src="js/replays.js?9d40a366"></script>
