<!DOCTYPE html>
<meta charset="utf-8" />
<meta name="viewport" content="width=device-width" />

<title>[Gen 3] OU: AutumnMint vs. Baptosta - Replays - Pok&eacute;mon Showdown!</title>

<meta name="description" content="Watch a replay of a Pok&eacute;mon battle between AutumnMint and Baptosta! Format: [Gen 3] OU; Date: Oct 25, 2024" />
<!--

Hey, you! Looking in the source for the replay log?

You can find them in JSON format, just add `.json` at the end of a replay URL.

https://replay.pokemonshowdown.com/gen7randomdoublesbattle-865046831.json

Or, if you only need the log itself, add `.log` instead:

https://replay.pokemonshowdown.com/gen7randomdoublesbattle-865046831.log

-->

<link rel="stylesheet" href="//pokemonshowdown.com/style/global.css?0.023195364461161105" />
<link rel="stylesheet" href="//play.pokemonshowdown.com/style/font-awesome.css?0.13261647063804238" />
<link rel="stylesheet" href="//play.pokemonshowdown.com/style/battle.css?0.8753245789963631" />
<link rel="stylesheet" href="//play.pokemonshowdown.com/style/utilichart.css?0.8627959624976733" />

<!-- Global site tag (gtag.js) - Google Analytics -->
<script async src="https://www.googletagmanager.com/gtag/js?id=UA-26211653-1"></script>
<script>
  window.dataLayer = window.dataLayer || [];
  function gtag(){dataLayer.push(arguments);}
  gtag('js', new Date());

  gtag('config', 'UA-26211653-1');
</script>
<!-- End Google Analytics -->
<!-- Venatus Ad Manager - Install in <HEAD> of page -->
	<script src="https://hb.vntsm.com/v3/live/ad-manager.min.js" type="text/javascript" data-site-id="642aba63ec9a7b11c3c9c1be" data-mode="scan" async></script>
<!-- / Venatus Ad Manager -->

<style>
	@media (max-width:820px) {
		.battle {
			margin: 0 auto;
		}
		.battle-log {
			margin: 7px auto 0;
			max-width: 640px;
			height: 300px;
			position: static;
		}
	}
	.optgroup {
		display: inline-block;
		line-height: 22px;
		font-size: 10pt;
	}
	.optgroup .button {
		height: 25px;
		padding-top: 0;
		padding-bottom: 0;
	}
	.optgroup button.button {
		padding-left: 12px;
		padding-right: 12px;
	}
	.linklist {
		list-style: none;
		margin: 0.5em 0;
		padding: 0;
	}
	.linklist li {
		padding: 2px 0;
	}
	.sidebar {
		float: left;
		width: 320px;
	}
	.bar-wrapper {
		max-width: 1100px;
		margin: 0 auto;
	}
	.bar-wrapper.has-sidebar {
		max-width: 1430px;
	}
	.mainbar {
		margin: 0;
		padding-right: 1px;
	}
	.mainbar.has-sidebar {
		margin-left: 330px;
	}
	@media (min-width: 1511px) {
		.sidebar {
			width: 400px;
		}
		.bar-wrapper.has-sidebar {
			max-width: 1510px;
		}
		.mainbar.has-sidebar {
			margin-left: 410px;
		}
	}
	.section.first-section {
		margin-top: 9px;
	}
	.blocklink small {
		white-space: normal;
	}
	.button {
		vertical-align: middle;
	}
	.replay-controls {
		padding-top: 10px;
	}
	.replay-controls h1 {
		font-size: 16pt;
		font-weight: normal;
		color: #CCC;
	}
	.pagelink {
		text-align: center;
	}
	.pagelink a {
		width: 150px;
	}
	.textbox, .button {
		font-size: 11pt;
		vertical-align: middle;
	}
	@media (max-width: 450px) {
		.button {
			font-size: 9pt;
		}
	}
</style>

<div>

	<header>
		<div class="nav-wrapper"><ul class="nav">
			<li><a class="button nav-first" href="//pokemonshowdown.com/"><img src="//pokemonshowdown.com/images/pokemonshowdownbeta.png" srcset="//pokemonshowdown.com/images/pokemonshowdownbeta.png 1x, //pokemonshowdown.com/images/pokemonshowdownbeta@2x.png 2x" alt="Pok&eacute;mon Showdown" width="146" height="44" /> Home</a></li>
			<li><a class="button" href="//pokemonshowdown.com/dex/">Pok&eacute;dex</a></li>
			<li><a class="button cur" href="/">Replays</a></li>
			<li><a class="button" href="//pokemonshowdown.com/ladder/">Ladder</a></li>
			<li><a class="button nav-last" href="//pokemonshowdown.com/forums/">Forum</a></li>
			<li><a class="button greenbutton nav-first nav-last" href="//play.pokemonshowdown.com/">Play</a></li>
		</ul></div>
	</header>

	<div class="main" id="main">

		<noscript><section class="section">You need to enable JavaScript to use this page; sorry!</section></noscript>

	</div>

</div>

<script defer nomodule src="//play.pokemonshowdown.com/js/lib/ps-polyfill.js"></script>
<script defer src="//play.pokemonshowdown.com/js/lib/preact.min.js"></script>

<script defer src="//play.pokemonshowdown.com/config/config.js?2bddbc15"></script>
<script defer src="//play.pokemonshowdown.com/js/lib/jquery-1.11.0.min.js"></script>
<script defer src="//play.pokemonshowdown.com/js/lib/html-sanitizer-minified.js"></script>
<script defer src="//play.pokemonshowdown.com/js/battle-sound.js"></script>
<script defer src="//play.pokemonshowdown.com/js/battledata.js?0.7209276989879541"></script>
<script defer src="//play.pokemonshowdown.com/data/pokedex-mini.js?0.6111056340867951"></script>
<script defer src="//play.pokemonshowdown.com/data/pokedex-mini-bw.js?0.3532142036491459"></script>
<script defer src="//play.pokemonshowdown.com/data/graphics.js?0.24223875632456182"></script>
<script defer src="//play.pokemonshowdown.com/data/pokedex.js?0.38839984266356864"></script>
<script defer src="//play.pokemonshowdown.com/data/moves.js?0.21866028504024015"></script>
<script defer src="//play.pokemonshowdown.com/data/abilities.js?0.2005157953846628"></script>
<script defer src="//play.pokemonshowdown.com/data/items.js?0.9894211263848525"></script>
<script defer src="//play.pokemonshowdown.com/data/teambuilder-tables.js?0.6008791140282215"></script>
<script defer src="//play.pokemonshowdown.com/js/battle-tooltips.js?0.7580118955022959"></script>
<script defer src="//play.pokemonshowdown.com/js/battle.js?0.6057722274234274"></script>

<script defer src="js/utils.js?e31f9a17"></script>
<script defer src="js/replays-battle.js?7008c182"></script>

<!-- don't scrape this data! just add .json or .log after the URL!
Full API docs: https://github.com/smogon/pokemon-showdown-client/blob/master/WEB-API.md -->
<script type="text/plain" class="log" id="replaylog-smogtours-gen3ou-801932">
|inactive|Battle timer is ON: inactive players will automatically lose when time's up.
|t:|1729890682
|gametype|singles
|player|p1|AutumnMint|riley|
|player|p2|Baptosta|101|
|teamsize|p1|6
|teamsize|p2|6
|gen|3
|tier|[Gen 3] OU
|rule|Sleep Clause Mod: Limit one foe put to sleep
|rule|Switch Priority Clause Mod: Faster Pokémon switch first
|rule|Species Clause: Limit one of each Pokémon
|rule|OHKO Clause: OHKO moves are banned
|rule|Evasion Items Clause: Evasion items are banned
|rule|Evasion Moves Clause: Evasion moves are banned
|rule|Endless Battle Clause: Forcing endless battles is banned
|rule|HP Percentage Mod: HP is shown in percentages
|rule|One Boost Passer Clause: Limit one Baton Passer that has a way to boost its stats
|rule|Freeze Clause Mod: Limit one foe frozen
|
|t:|1729890682
|start
|switch|p1a: Suicune|Suicune|100/100
|switch|p2a: Give me Bug|Heracross, M|100/100
|turn|1
|c|☆Baptosta|gl hf
|
|t:|1729890694
|move|p2a: Give me Bug|Megahorn|p1a: Suicune
|-damage|p1a: Suicune|17/100
|move|p1a: Suicune|Ice Beam|p2a: Give me Bug
|-damage|p2a: Give me Bug|70/100
|
|-heal|p1a: Suicune|23/100|[from] item: Leftovers
|upkeep
|turn|2
|
|t:|1729890700
|switch|p1a: Salamence|Salamence, F|100/100
|-ability|p1a: Salamence|Intimidate|boost
|-unboost|p2a: Give me Bug|atk|1
|move|p2a: Give me Bug|Megahorn|p1a: Salamence
|-resisted|p1a: Salamence
|-damage|p1a: Salamence|63/100
|
|-heal|p1a: Salamence|69/100|[from] item: Leftovers
|upkeep
|turn|3
|c|☆AutumnMint|glhf
|
|t:|1729890720
|switch|p2a: Wyvern|Milotic, F|100/100
|move|p1a: Salamence|Fire Blast|p2a: Wyvern
|-resisted|p2a: Wyvern
|-damage|p2a: Wyvern|86/100
|
|-heal|p1a: Salamence|75/100|[from] item: Leftovers
|-heal|p2a: Wyvern|92/100|[from] item: Leftovers
|upkeep
|turn|4
|
|t:|1729890727
|switch|p1a: Snorlax|Snorlax, M|100/100
|move|p2a: Wyvern|Hypnosis|p1a: Snorlax
|-status|p1a: Snorlax|slp|[from] move: Hypnosis
|
|-heal|p2a: Wyvern|98/100|[from] item: Leftovers
|upkeep
|turn|5
|
|t:|1729890738
|switch|p2a: Champion|Hariyama, F|100/100
|switch|p1a: Suicune|Suicune|23/100
|
|-heal|p1a: Suicune|29/100|[from] item: Leftovers
|upkeep
|turn|6
|
|t:|1729890756
|move|p1a: Suicune|Hydro Pump|p2a: Champion
|-damage|p2a: Champion|34/100
|move|p2a: Champion|Knock Off|p1a: Suicune
|-damage|p1a: Suicune|27/100
|-enditem|p1a: Suicune|Leftovers|[from] move: Knock Off|[of] p2a: Champion
|-hint|In Gens 3-4, Knock Off only makes the target's item unusable; it cannot obtain a new item.
|
|-heal|p2a: Champion|40/100|[from] item: Leftovers
|upkeep
|turn|7
|
|t:|1729890765
|switch|p2a: One|Celebi|100/100
|move|p1a: Suicune|Hydro Pump|p2a: One
|-resisted|p2a: One
|-damage|p2a: One|84/100
|
|-heal|p2a: One|90/100|[from] item: Leftovers
|upkeep
|turn|8
|
|t:|1729890777
|move|p2a: One|Psychic|p1a: Suicune
|-damage|p1a: Suicune|4/100
|move|p1a: Suicune|Ice Beam|p2a: One
|-supereffective|p2a: One
|-damage|p2a: One|50/100
|
|-heal|p2a: One|56/100|[from] item: Leftovers
|upkeep
|turn|9
|
|t:|1729890789
|switch|p1a: Metagross|Metagross|100/100
|move|p2a: One|Psychic|p1a: Metagross
|-resisted|p1a: Metagross
|-damage|p1a: Metagross|91/100
|
|-heal|p2a: One|62/100|[from] item: Leftovers
|upkeep
|turn|10
|
|t:|1729890797
|switch|p2a: Wyvern|Milotic, F|98/100
|move|p1a: Metagross|Meteor Mash|p2a: Wyvern
|-resisted|p2a: Wyvern
|-damage|p2a: Wyvern|64/100
|
|-heal|p2a: Wyvern|70/100|[from] item: Leftovers
|upkeep
|turn|11
|
|t:|1729890806
|move|p1a: Metagross|Meteor Mash|p2a: Wyvern
|-resisted|p2a: Wyvern
|-damage|p2a: Wyvern|38/100
|move|p2a: Wyvern|Surf|p1a: Metagross
|-damage|p1a: Metagross|53/100
|
|-heal|p2a: Wyvern|44/100|[from] item: Leftovers
|upkeep
|turn|12
|
|t:|1729890811
|move|p1a: Metagross|Meteor Mash|p2a: Wyvern
|-resisted|p2a: Wyvern
|-damage|p2a: Wyvern|9/100
|move|p2a: Wyvern|Recover|p2a: Wyvern
|-heal|p2a: Wyvern|59/100
|
|-heal|p2a: Wyvern|65/100|[from] item: Leftovers
|upkeep
|turn|13
|
|t:|1729890816
|move|p1a: Metagross|Meteor Mash|p2a: Wyvern|[miss]
|-miss|p1a: Metagross|p2a: Wyvern
|move|p2a: Wyvern|Recover|p2a: Wyvern
|-heal|p2a: Wyvern|100/100
|
|upkeep
|turn|14
|
|t:|1729890825
|move|p1a: Metagross|Meteor Mash|p2a: Wyvern
|-resisted|p2a: Wyvern
|-damage|p2a: Wyvern|66/100
|move|p2a: Wyvern|Surf|p1a: Metagross
|-damage|p1a: Metagross|16/100
|
|-heal|p2a: Wyvern|73/100|[from] item: Leftovers
|upkeep
|turn|15
|
|t:|1729890830
|move|p1a: Metagross|Meteor Mash|p2a: Wyvern
|-resisted|p2a: Wyvern
|-damage|p2a: Wyvern|43/100
|move|p2a: Wyvern|Surf|p1a: Metagross
|-damage|p1a: Metagross|0 fnt
|faint|p1a: Metagross
|
|t:|1729890835
|switch|p1a: Heracross|Heracross, M|100/100
|
|-heal|p2a: Wyvern|49/100|[from] item: Leftovers
|upkeep
|turn|16
|
|t:|1729890839
|move|p1a: Heracross|Substitute|p1a: Heracross
|-start|p1a: Heracross|Substitute
|-damage|p1a: Heracross|75/100
|move|p2a: Wyvern|Surf|p1a: Heracross
|-end|p1a: Heracross|Substitute
|
|-heal|p2a: Wyvern|55/100|[from] item: Leftovers
|upkeep
|turn|17
|
|t:|1729890856
|move|p1a: Heracross|Megahorn|p2a: Wyvern
|-damage|p2a: Wyvern|6/100
|move|p2a: Wyvern|Surf|p1a: Heracross
|-damage|p1a: Heracross|36/100
|
|-heal|p2a: Wyvern|12/100|[from] item: Leftovers
|upkeep
|turn|18
|
|t:|1729890867
|switch|p2a: Champion|Hariyama, F|40/100
|move|p1a: Heracross|Substitute|p1a: Heracross
|-start|p1a: Heracross|Substitute
|-damage|p1a: Heracross|11/100
|
|-enditem|p1a: Heracross|Salac Berry|[eat]
|-boost|p1a: Heracross|spe|1|[from] item: Salac Berry
|-heal|p2a: Champion|46/100|[from] item: Leftovers
|upkeep
|turn|19
|
|t:|1729890872
|move|p1a: Heracross|Swords Dance|p1a: Heracross
|-boost|p1a: Heracross|atk|2
|move|p2a: Champion|Cross Chop|p1a: Heracross
|-resisted|p1a: Heracross
|-crit|p1a: Heracross
|-end|p1a: Heracross|Substitute
|
|-heal|p2a: Champion|52/100|[from] item: Leftovers
|upkeep
|turn|20
|
|t:|1729890878
|move|p1a: Heracross|Megahorn|p2a: Champion
|-resisted|p2a: Champion
|-damage|p2a: Champion|0 fnt
|faint|p2a: Champion
|
|t:|1729890897
|switch|p2a: Ugly Duckling|Porygon2|100/100
|-ability|p2a: Ugly Duckling|Swarm|[from] ability: Trace|[of] p1a: Heracross
|
|upkeep
|turn|21
|
|t:|1729890901
|move|p1a: Heracross|Megahorn|p2a: Ugly Duckling
|-crit|p2a: Ugly Duckling
|-damage|p2a: Ugly Duckling|0 fnt
|faint|p2a: Ugly Duckling
|
|t:|1729890906
|switch|p2a: Give me Bug|Heracross, M|70/100
|
|upkeep
|turn|22
|
|t:|1729890913
|move|p1a: Heracross|Rock Slide|p2a: Give me Bug
|-damage|p2a: Give me Bug|0 fnt
|faint|p2a: Give me Bug
|
|t:|1729890918
|switch|p2a: One|Celebi|62/100
|
|-heal|p2a: One|69/100|[from] item: Leftovers
|upkeep
|turn|23
|
|t:|1729890921
|move|p1a: Heracross|Megahorn|p2a: One|[miss]
|-miss|p1a: Heracross|p2a: One
|move|p2a: One|Psychic|p1a: Heracross
|-supereffective|p1a: Heracross
|-damage|p1a: Heracross|0 fnt
|faint|p1a: Heracross
|
|t:|1729890935
|switch|p1a: Salamence|Salamence, F|75/100
|-ability|p1a: Salamence|Intimidate|boost
|-unboost|p2a: One|atk|1
|
|-heal|p1a: Salamence|81/100|[from] item: Leftovers
|-heal|p2a: One|75/100|[from] item: Leftovers
|upkeep
|turn|24
|
|t:|1729890944
|switch|p2a: Ball room toy|Claydol|100/100
|move|p1a: Salamence|Fire Blast|p2a: Ball room toy
|-damage|p2a: Ball room toy|65/100
|
|-heal|p1a: Salamence|87/100|[from] item: Leftovers
|-heal|p2a: Ball room toy|71/100|[from] item: Leftovers
|upkeep
|turn|25
|
|t:|1729890962
|move|p1a: Salamence|Hidden Power|p2a: Ball room toy
|-supereffective|p2a: Ball room toy
|-damage|p2a: Ball room toy|31/100
|move|p2a: Ball room toy|Psychic|p1a: Salamence
|-damage|p1a: Salamence|53/100
|
|-heal|p1a: Salamence|59/100|[from] item: Leftovers
|-heal|p2a: Ball room toy|38/100|[from] item: Leftovers
|upkeep
|turn|26
|
|t:|1729890971
|move|p1a: Salamence|Hidden Power|p2a: Ball room toy
|-supereffective|p2a: Ball room toy
|-damage|p2a: Ball room toy|0 fnt
|faint|p2a: Ball room toy
|
|t:|1729890980
|switch|p2a: One|Celebi|75/100
|
|-heal|p1a: Salamence|65/100|[from] item: Leftovers
|-heal|p2a: One|81/100|[from] item: Leftovers
|upkeep
|turn|27
|
|t:|1729890985
|move|p1a: Salamence|Fire Blast|p2a: One
|-supereffective|p2a: One
|-damage|p2a: One|25/100
|move|p2a: One|Leech Seed|p1a: Salamence|[miss]
|-miss|p2a: One|p1a: Salamence
|
|-heal|p1a: Salamence|71/100|[from] item: Leftovers
|-heal|p2a: One|32/100|[from] item: Leftovers
|upkeep
|turn|28
|
|t:|1729890995
|move|p1a: Salamence|Fire Blast|p2a: One
|-supereffective|p2a: One
|-damage|p2a: One|0 fnt
|faint|p2a: One
|
|t:|1729890997
|switch|p2a: Wyvern|Milotic, F|12/100
|
|-heal|p1a: Salamence|77/100|[from] item: Leftovers
|-heal|p2a: Wyvern|19/100|[from] item: Leftovers
|upkeep
|turn|29
|
|t:|1729890999
|move|p1a: Salamence|Hidden Power|p2a: Wyvern
|-supereffective|p2a: Wyvern
|-damage|p2a: Wyvern|0 fnt
|faint|p2a: Wyvern
|
|win|AutumnMint

</script>
<script type="application/json" class="data" id="replaydata-smogtours-gen3ou-801932">
{"id":"smogtours-gen3ou-801932","format":"[Gen 3] OU","players":["AutumnMint","Baptosta"],"uploadtime":1729890999,"views":125,"formatid":"gen3ou","rating":null,"private":0,"password":null}
</script>

<script defer src="js/replays.js?9d40a366"></script>
