<!DOCTYPE html>
<meta charset="utf-8" />
<meta name="viewport" content="width=device-width" />

<title>[Gen 3] OU: steffmula vs. Sieeeffmon - Replays - Pok&eacute;mon Showdown!</title>

<meta name="description" content="Watch a replay of a Pok&eacute;mon battle between steffmula and Sieeeffmon! Format: [Gen 3] OU; Date: Oct 8, 2024" />
<!--

Hey, you! Looking in the source for the replay log?

You can find them in JSON format, just add `.json` at the end of a replay URL.

https://replay.pokemonshowdown.com/gen7randomdoublesbattle-865046831.json

Or, if you only need the log itself, add `.log` instead:

https://replay.pokemonshowdown.com/gen7randomdoublesbattle-865046831.log

-->

<link rel="stylesheet" href="//pokemonshowdown.com/style/global.css?0.767286132409787" />
<link rel="stylesheet" href="//play.pokemonshowdown.com/style/font-awesome.css?0.9266228007934947" />
<link rel="stylesheet" href="//play.pokemonshowdown.com/style/battle.css?0.7924700842790926" />
<link rel="stylesheet" href="//play.pokemonshowdown.com/style/utilichart.css?0.8777417872839479" />

<!-- Global site tag (gtag.js) - Google Analytics -->
<script async src="https://www.googletagmanager.com/gtag/js?id=UA-26211653-1"></script>
<script>
  window.dataLayer = window.dataLayer || [];
  function gtag(){dataLayer.push(arguments);}
  gtag('js', new Date());

  gtag('config', 'UA-26211653-1');
</script>
<!-- End Google Analytics -->
<!-- Venatus Ad Manager - Install in <HEAD> of page -->
	<script src="https://hb.vntsm.com/v3/live/ad-manager.min.js" type="text/javascript" data-site-id="642aba63ec9a7b11c3c9c1be" data-mode="scan" async></script>
<!-- / Venatus Ad Manager -->

<style>
	@media (max-width:820px) {
		.battle {
			margin: 0 auto;
		}
		.battle-log {
			margin: 7px auto 0;
			max-width: 640px;
			height: 300px;
			position: static;
		}
	}
	.optgroup {
		display: inline-block;
		line-height: 22px;
		font-size: 10pt;
	}
	.optgroup .button {
		height: 25px;
		padding-top: 0;
		padding-bottom: 0;
	}
	.optgroup button.button {
		padding-left: 12px;
		padding-right: 12px;
	}
	.linklist {
		list-style: none;
		margin: 0.5em 0;
		padding: 0;
	}
	.linklist li {
		padding: 2px 0;
	}
	.sidebar {
		float: left;
		width: 320px;
	}
	.bar-wrapper {
		max-width: 1100px;
		margin: 0 auto;
	}
	.bar-wrapper.has-sidebar {
		max-width: 1430px;
	}
	.mainbar {
		margin: 0;
		padding-right: 1px;
	}
	.mainbar.has-sidebar {
		margin-left: 330px;
	}
	@media (min-width: 1511px) {
		.sidebar {
			width: 400px;
		}
		.bar-wrapper.has-sidebar {
			max-width: 1510px;
		}
		.mainbar.has-sidebar {
			margin-left: 410px;
		}
	}
	.section.first-section {
		margin-top: 9px;
	}
	.blocklink small {
		white-space: normal;
	}
	.button {
		vertical-align: middle;
	}
	.replay-controls {
		padding-top: 10px;
	}
	.replay-controls h1 {
		font-size: 16pt;
		font-weight: normal;
		color: #CCC;
	}
	.pagelink {
		text-align: center;
	}
	.pagelink a {
		width: 150px;
	}
	.textbox, .button {
		font-size: 11pt;
		vertical-align: middle;
	}
	@media (max-width: 450px) {
		.button {
			font-size: 9pt;
		}
	}
</style>

<div>

	<header>
		<div class="nav-wrapper"><ul class="nav">
			<li><a class="button nav-first" href="//pokemonshowdown.com/"><img src="//pokemonshowdown.com/images/pokemonshowdownbeta.png" srcset="//pokemonshowdown.com/images/pokemonshowdownbeta.png 1x, //pokemonshowdown.com/images/pokemonshowdownbeta@2x.png 2x" alt="Pok&eacute;mon Showdown" width="146" height="44" /> Home</a></li>
			<li><a class="button" href="//pokemonshowdown.com/dex/">Pok&eacute;dex</a></li>
			<li><a class="button cur" href="/">Replays</a></li>
			<li><a class="button" href="//pokemonshowdown.com/ladder/">Ladder</a></li>
			<li><a class="button nav-last" href="//pokemonshowdown.com/forums/">Forum</a></li>
			<li><a class="button greenbutton nav-first nav-last" href="//play.pokemonshowdown.com/">Play</a></li>
		</ul></div>
	</header>

	<div class="main" id="main">

		<noscript><section class="section">You need to enable JavaScript to use this page; sorry!</section></noscript>

	</div>

</div>

<script defer nomodule src="//play.pokemonshowdown.com/js/lib/ps-polyfill.js"></script>
<script defer src="//play.pokemonshowdown.com/js/lib/preact.min.js"></script>

<script defer src="//play.pokemonshowdown.com/config/config.js?6dec07f6"></script>
<script defer src="//play.pokemonshowdown.com/js/lib/jquery-1.11.0.min.js"></script>
<script defer src="//play.pokemonshowdown.com/js/lib/html-sanitizer-minified.js"></script>
<script defer src="//play.pokemonshowdown.com/js/battle-sound.js"></script>
<script defer src="//play.pokemonshowdown.com/js/battledata.js?0.6315294753075389"></script>
<script defer src="//play.pokemonshowdown.com/data/pokedex-mini.js?0.7603743185311358"></script>
<script defer src="//play.pokemonshowdown.com/data/pokedex-mini-bw.js?0.030888842834281283"></script>
<script defer src="//play.pokemonshowdown.com/data/graphics.js?0.05593094747507488"></script>
<script defer src="//play.pokemonshowdown.com/data/pokedex.js?0.47064822249611904"></script>
<script defer src="//play.pokemonshowdown.com/data/moves.js?0.8583693120512459"></script>
<script defer src="//play.pokemonshowdown.com/data/abilities.js?0.16017181182386842"></script>
<script defer src="//play.pokemonshowdown.com/data/items.js?0.4163379185673943"></script>
<script defer src="//play.pokemonshowdown.com/data/teambuilder-tables.js?0.31075597372830477"></script>
<script defer src="//play.pokemonshowdown.com/js/battle-tooltips.js?0.6536193500708172"></script>
<script defer src="//play.pokemonshowdown.com/js/battle.js?0.1916591943277901"></script>

<script defer src="js/utils.js?e31f9a17"></script>
<script defer src="js/replays-battle.js?7008c182"></script>

<!-- don't scrape this data! just add .json or .log after the URL!
Full API docs: https://github.com/smogon/pokemon-showdown-client/blob/master/WEB-API.md -->
<script type="text/plain" class="log" id="replaylog-smogtours-gen3ou-796432">
|inactive|Battle timer is ON: inactive players will automatically lose when time's up.
|t:|1728411926
|gametype|singles
|player|p1|steffmula|acetrainerf-gen2|
|player|p2|Sieeeffmon|skullgrunt|
|teamsize|p1|6
|teamsize|p2|6
|gen|3
|tier|[Gen 3] OU
|rule|Sleep Clause Mod: Limit one foe put to sleep
|rule|Switch Priority Clause Mod: Faster Pokémon switch first
|rule|Species Clause: Limit one of each Pokémon
|rule|OHKO Clause: OHKO moves are banned
|rule|Evasion Items Clause: Evasion items are banned
|rule|Evasion Moves Clause: Evasion moves are banned
|rule|Endless Battle Clause: Forcing endless battles is banned
|rule|HP Percentage Mod: HP is shown in percentages
|rule|One Boost Passer Clause: Limit one Baton Passer that has a way to boost its stats
|rule|Freeze Clause Mod: Limit one foe frozen
|
|t:|1728411926
|start
|switch|p1a: Metagross|Metagross|100/100
|switch|p2a: Hariyama|Hariyama, M|100/100
|turn|1
|inactive|Sieeeffmon also wants the timer to be on.
|c|☆Sieeeffmon|glhf!
|c|☆steffmula|glhf
|
|t:|1728411951
|switch|p2a: Metagross|Metagross|100/100
|move|p1a: Metagross|Meteor Mash|p2a: Metagross
|-resisted|p2a: Metagross
|-damage|p2a: Metagross|76/100
|-boost|p1a: Metagross|atk|1
|
|-heal|p2a: Metagross|82/100|[from] item: Leftovers
|upkeep
|turn|2
|
|t:|1728411970
|switch|p2a: Salamence|Salamence, M|100/100
|-ability|p2a: Salamence|Intimidate|boost
|-fail|p1a: Metagross|unboost|[from] ability: Clear Body|[of] p1a: Metagross
|move|p1a: Metagross|Earthquake|p2a: Salamence
|-immune|p2a: Salamence
|
|upkeep
|turn|3
|
|t:|1728411976
|move|p2a: Salamence|Fire Blast|p1a: Metagross
|-supereffective|p1a: Metagross
|-damage|p1a: Metagross|16/100
|-status|p1a: Metagross|brn
|move|p1a: Metagross|Meteor Mash|p2a: Salamence
|-damage|p2a: Salamence|46/100
|
|-heal|p2a: Salamence|52/100|[from] item: Leftovers
|-heal|p1a: Metagross|23/100 brn|[from] item: Leftovers
|-damage|p1a: Metagross|10/100 brn|[from] brn
|upkeep
|turn|4
|c|☆Sieeeffmon|sorry
|
|t:|1728411999
|move|p2a: Salamence|Brick Break|p1a: Metagross
|-damage|p1a: Metagross|0 fnt
|faint|p1a: Metagross
|
|t:|1728412003
|switch|p1a: Milotic|Milotic, M|100/100
|
|-heal|p2a: Salamence|58/100|[from] item: Leftovers
|upkeep
|turn|5
|
|t:|1728412017
|switch|p2a: Blissey|Blissey, F|100/100
|move|p1a: Milotic|Surf|p2a: Blissey
|-crit|p2a: Blissey
|-damage|p2a: Blissey|72/100
|
|-heal|p2a: Blissey|78/100|[from] item: Leftovers
|upkeep
|turn|6
|
|t:|1728412031
|switch|p1a: Celebi|Celebi|100/100
|move|p2a: Blissey|Wish|p2a: Blissey
|
|-heal|p2a: Blissey|84/100|[from] item: Leftovers
|upkeep
|turn|7
|
|t:|1728412043
|switch|p2a: Metagross|Metagross|82/100
|move|p1a: Celebi|Swords Dance|p1a: Celebi
|-boost|p1a: Celebi|atk|2
|
|-heal|p2a: Metagross|100/100|[from] move: Wish|[wisher] Blissey
|upkeep
|turn|8
|
|t:|1728412051
|move|p1a: Celebi|Baton Pass|p1a: Celebi
|
|t:|1728412078
|switch|p1a: Magneton|Magneton, shiny|100/100|[from] Baton Pass
|move|p2a: Metagross|Meteor Mash|p1a: Magneton
|-resisted|p1a: Magneton
|-damage|p1a: Magneton|82/100
|
|-heal|p1a: Magneton|88/100|[from] item: Leftovers
|upkeep
|turn|9
|inactive|steffmula has 270 seconds left.
|
|t:|1728412100
|switch|p1a: Milotic|Milotic, M|100/100
|move|p2a: Metagross|Earthquake|p1a: Milotic
|-damage|p1a: Milotic|70/100
|
|-heal|p1a: Milotic|77/100|[from] item: Leftovers
|upkeep
|turn|10
|inactive|steffmula has 270 seconds left.
|
|t:|1728412127
|switch|p2a: Hariyama|Hariyama, M|100/100
|move|p1a: Milotic|Surf|p2a: Hariyama
|-damage|p2a: Hariyama|69/100
|
|-heal|p1a: Milotic|83/100|[from] item: Leftovers
|-heal|p2a: Hariyama|75/100|[from] item: Leftovers
|upkeep
|turn|11
|
|t:|1728412145
|switch|p1a: Magneton|Magneton, shiny|88/100
|move|p2a: Hariyama|Knock Off|p1a: Magneton
|-resisted|p1a: Magneton
|-damage|p1a: Magneton|86/100
|-enditem|p1a: Magneton|Leftovers|[from] move: Knock Off|[of] p2a: Hariyama
|-hint|In Gens 3-4, Knock Off only makes the target's item unusable; it cannot obtain a new item.
|
|-heal|p2a: Hariyama|81/100|[from] item: Leftovers
|upkeep
|turn|12
|
|t:|1728412158
|switch|p2a: Blissey|Blissey, F|84/100
|move|p1a: Magneton|Thunderbolt|p2a: Blissey
|-damage|p2a: Blissey|68/100
|
|-heal|p2a: Blissey|74/100|[from] item: Leftovers
|upkeep
|turn|13
|
|t:|1728412167
|switch|p1a: Heracross|Heracross, F|100/100
|move|p2a: Blissey|Seismic Toss|p1a: Heracross
|-damage|p1a: Heracross|71/100
|
|-heal|p2a: Blissey|81/100|[from] item: Leftovers
|upkeep
|turn|14
|inactive|Sieeeffmon has 270 seconds left.
|
|t:|1728412211
|move|p1a: Heracross|Rock Slide|p2a: Blissey
|-damage|p2a: Blissey|58/100
|cant|p2a: Blissey|flinch
|
|-heal|p2a: Blissey|64/100|[from] item: Leftovers
|upkeep
|turn|15
|
|t:|1728412215
|move|p1a: Heracross|Rock Slide|p2a: Blissey
|-damage|p2a: Blissey|39/100
|move|p2a: Blissey|Seismic Toss|p1a: Heracross
|-damage|p1a: Heracross|41/100
|
|-heal|p2a: Blissey|45/100|[from] item: Leftovers
|upkeep
|turn|16
|inactive|Sieeeffmon has 270 seconds left.
|
|t:|1728412248
|move|p1a: Heracross|Brick Break|p2a: Blissey
|-supereffective|p2a: Blissey
|-damage|p2a: Blissey|0 fnt
|faint|p2a: Blissey
|inactive|Sieeeffmon has 240 seconds left.
|
|t:|1728412277
|switch|p2a: Metagross|Metagross|100/100
|
|upkeep
|turn|17
|inactive|steffmula has 270 seconds left.
|
|t:|1728412319
|move|p1a: Heracross|Megahorn|p2a: Metagross
|-damage|p2a: Metagross|57/100
|move|p2a: Metagross|Meteor Mash|p1a: Heracross
|-damage|p1a: Heracross|0 fnt
|-boost|p2a: Metagross|atk|1
|faint|p1a: Heracross
|
|t:|1728412324
|switch|p1a: Magneton|Magneton, shiny|86/100
|
|-heal|p2a: Metagross|63/100|[from] item: Leftovers
|upkeep
|turn|18
|
|t:|1728412332
|move|p1a: Magneton|Thunderbolt|p2a: Metagross
|-damage|p2a: Metagross|19/100
|move|p2a: Metagross|Earthquake|p1a: Magneton
|-supereffective|p1a: Magneton
|-damage|p1a: Magneton|0 fnt
|faint|p1a: Magneton
|
|t:|1728412339
|switch|p1a: Milotic|Milotic, M|83/100
|
|-heal|p1a: Milotic|89/100|[from] item: Leftovers
|-heal|p2a: Metagross|25/100|[from] item: Leftovers
|upkeep
|turn|19
|
|t:|1728412347
|switch|p2a: Hariyama|Hariyama, M|81/100
|move|p1a: Milotic|Surf|p2a: Hariyama
|-damage|p2a: Hariyama|51/100
|
|-heal|p1a: Milotic|95/100|[from] item: Leftovers
|-heal|p2a: Hariyama|57/100|[from] item: Leftovers
|upkeep
|turn|20
|
|t:|1728412356
|move|p1a: Milotic|Surf|p2a: Hariyama
|-damage|p2a: Hariyama|28/100
|move|p2a: Hariyama|Knock Off|p1a: Milotic
|-damage|p1a: Milotic|93/100
|-enditem|p1a: Milotic|Leftovers|[from] move: Knock Off|[of] p2a: Hariyama
|
|-heal|p2a: Hariyama|34/100|[from] item: Leftovers
|upkeep
|turn|21
|inactive|Sieeeffmon has 270 seconds left.
|inactive|Sieeeffmon has 240 seconds left.
|
|t:|1728412397
|switch|p2a: Snorlax|Snorlax, F|100/100
|move|p1a: Milotic|Surf|p2a: Snorlax
|-damage|p2a: Snorlax|78/100
|
|-heal|p2a: Snorlax|85/100|[from] item: Leftovers
|upkeep
|turn|22
|inactive|Sieeeffmon has 240 seconds left.
|
|t:|1728412410
|switch|p1a: Gyarados|Gyarados, F|100/100
|-ability|p1a: Gyarados|Intimidate|boost
|-unboost|p2a: Snorlax|atk|1
|move|p2a: Snorlax|Body Slam|p1a: Gyarados
|-damage|p1a: Gyarados|67/100
|-status|p1a: Gyarados|par
|
|-heal|p2a: Snorlax|91/100|[from] item: Leftovers
|-heal|p1a: Gyarados|73/100 par|[from] item: Leftovers
|upkeep
|turn|23
|inactive|Sieeeffmon has 240 seconds left.
|
|t:|1728412422
|switch|p2a: Claydol|Claydol|100/100
|cant|p1a: Gyarados|par
|
|-heal|p1a: Gyarados|79/100 par|[from] item: Leftovers
|upkeep
|turn|24
|
|t:|1728412430
|switch|p1a: Milotic|Milotic, M|93/100
|move|p2a: Claydol|Explosion|p1a: Milotic
|-damage|p1a: Milotic|3/100
|faint|p2a: Claydol
|inactive|Sieeeffmon has 240 seconds left.
|
|t:|1728412440
|switch|p2a: Salamence|Salamence, M|58/100
|-ability|p2a: Salamence|Intimidate|boost
|-unboost|p1a: Milotic|atk|1
|
|-heal|p2a: Salamence|64/100|[from] item: Leftovers
|upkeep
|turn|25
|
|t:|1728412449
|switch|p1a: Celebi|Celebi|100/100
|move|p2a: Salamence|Dragon Claw|p1a: Celebi
|-damage|p1a: Celebi|63/100
|
|-heal|p1a: Celebi|70/100|[from] item: Leftovers
|-heal|p2a: Salamence|70/100|[from] item: Leftovers
|upkeep
|turn|26
|
|t:|1728412455
|move|p1a: Celebi|Hidden Power|p2a: Salamence
|-supereffective|p2a: Salamence
|-damage|p2a: Salamence|31/100
|move|p2a: Salamence|Fire Blast|p1a: Celebi
|-supereffective|p1a: Celebi
|-damage|p1a: Celebi|6/100
|
|-heal|p1a: Celebi|12/100|[from] item: Leftovers
|-heal|p2a: Salamence|37/100|[from] item: Leftovers
|upkeep
|turn|27
|inactive|Sieeeffmon has 240 seconds left.
|inactive|Sieeeffmon has 210 seconds left.
|
|t:|1728412518
|switch|p2a: Hariyama|Hariyama, M|34/100
|move|p1a: Celebi|Hidden Power|p2a: Hariyama
|-resisted|p2a: Hariyama
|-damage|p2a: Hariyama|26/100
|
|-heal|p1a: Celebi|18/100|[from] item: Leftovers
|-heal|p2a: Hariyama|32/100|[from] item: Leftovers
|upkeep
|turn|28
|
|t:|1728412532
|switch|p1a: Gyarados|Gyarados, F|79/100 par
|-ability|p1a: Gyarados|Intimidate|boost
|-unboost|p2a: Hariyama|atk|1
|move|p2a: Hariyama|Hidden Power|p1a: Gyarados
|-damage|p1a: Gyarados|60/100 par
|
|-heal|p2a: Hariyama|38/100|[from] item: Leftovers
|-heal|p1a: Gyarados|67/100 par|[from] item: Leftovers
|upkeep
|turn|29
|
|t:|1728412555
|move|p2a: Hariyama|Rock Slide|p1a: Gyarados
|-supereffective|p1a: Gyarados
|-damage|p1a: Gyarados|25/100 par
|move|p1a: Gyarados|Hidden Power|p2a: Hariyama
|-supereffective|p2a: Hariyama
|-damage|p2a: Hariyama|0 fnt
|faint|p2a: Hariyama
|
|t:|1728412560
|switch|p2a: Metagross|Metagross|25/100
|
|-heal|p2a: Metagross|32/100|[from] item: Leftovers
|-heal|p1a: Gyarados|31/100 par|[from] item: Leftovers
|upkeep
|turn|30
|
|t:|1728412580
|move|p2a: Metagross|Rock Slide|p1a: Gyarados
|-supereffective|p1a: Gyarados
|-damage|p1a: Gyarados|0 fnt
|faint|p1a: Gyarados
|
|t:|1728412585
|switch|p1a: Milotic|Milotic, M|3/100
|
|-heal|p2a: Metagross|38/100|[from] item: Leftovers
|upkeep
|turn|31
|inactive|Sieeeffmon has 210 seconds left.
|
|t:|1728412597
|switch|p2a: Snorlax|Snorlax, F|91/100
|move|p1a: Milotic|Recover|p1a: Milotic
|-heal|p1a: Milotic|53/100
|
|-heal|p2a: Snorlax|97/100|[from] item: Leftovers
|upkeep
|turn|32
|inactive|Sieeeffmon has 210 seconds left.
|
|t:|1728412626
|move|p1a: Milotic|Recover|p1a: Milotic
|-heal|p1a: Milotic|100/100
|move|p2a: Snorlax|Self-Destruct|p1a: Milotic
|-damage|p1a: Milotic|0 fnt
|faint|p2a: Snorlax
|faint|p1a: Milotic
|
|t:|1728412631
|switch|p1a: Celebi|Celebi|18/100
|switch|p2a: Metagross|Metagross|38/100
|
|-heal|p1a: Celebi|24/100|[from] item: Leftovers
|-heal|p2a: Metagross|44/100|[from] item: Leftovers
|upkeep
|turn|33
|
|t:|1728412635
|move|p1a: Celebi|Recover|p1a: Celebi
|-heal|p1a: Celebi|74/100
|move|p2a: Metagross|Explosion|p1a: Celebi
|-damage|p1a: Celebi|0 fnt
|faint|p2a: Metagross
|faint|p1a: Celebi
|
|win|Sieeeffmon
|c|☆steffmula|gg
|c|☆Sieeeffmon|gg

</script>
<script type="application/json" class="data" id="replaydata-smogtours-gen3ou-796432">
{"id":"smogtours-gen3ou-796432","format":"[Gen 3] OU","players":["steffmula","Sieeeffmon"],"uploadtime":1728412635,"views":102,"formatid":"gen3ou","rating":null,"private":0,"password":null}
</script>

<script defer src="js/replays.js?9d40a366"></script>
