<!DOCTYPE html>
<meta charset="utf-8" />
<meta name="viewport" content="width=device-width" />

<title>[Gen 3] OU: OOz!? vs. jank_city.mp4 - Replays - Pok&eacute;mon Showdown!</title>

<meta name="description" content="Watch a replay of a Pok&eacute;mon battle between OOz!? and jank_city.mp4! Format: [Gen 3] OU; Date: Oct 7, 2024" />
<!--

Hey, you! Looking in the source for the replay log?

You can find them in JSON format, just add `.json` at the end of a replay URL.

https://replay.pokemonshowdown.com/gen7randomdoublesbattle-865046831.json

Or, if you only need the log itself, add `.log` instead:

https://replay.pokemonshowdown.com/gen7randomdoublesbattle-865046831.log

-->

<link rel="stylesheet" href="//pokemonshowdown.com/style/global.css?0.023195364461161105" />
<link rel="stylesheet" href="//play.pokemonshowdown.com/style/font-awesome.css?0.13261647063804238" />
<link rel="stylesheet" href="//play.pokemonshowdown.com/style/battle.css?0.8753245789963631" />
<link rel="stylesheet" href="//play.pokemonshowdown.com/style/utilichart.css?0.8627959624976733" />

<!-- Global site tag (gtag.js) - Google Analytics -->
<script async src="https://www.googletagmanager.com/gtag/js?id=UA-26211653-1"></script>
<script>
  window.dataLayer = window.dataLayer || [];
  function gtag(){dataLayer.push(arguments);}
  gtag('js', new Date());

  gtag('config', 'UA-26211653-1');
</script>
<!-- End Google Analytics -->
<!-- Venatus Ad Manager - Install in <HEAD> of page -->
	<script src="https://hb.vntsm.com/v3/live/ad-manager.min.js" type="text/javascript" data-site-id="642aba63ec9a7b11c3c9c1be" data-mode="scan" async></script>
<!-- / Venatus Ad Manager -->

<style>
	@media (max-width:820px) {
		.battle {
			margin: 0 auto;
		}
		.battle-log {
			margin: 7px auto 0;
			max-width: 640px;
			height: 300px;
			position: static;
		}
	}
	.optgroup {
		display: inline-block;
		line-height: 22px;
		font-size: 10pt;
	}
	.optgroup .button {
		height: 25px;
		padding-top: 0;
		padding-bottom: 0;
	}
	.optgroup button.button {
		padding-left: 12px;
		padding-right: 12px;
	}
	.linklist {
		list-style: none;
		margin: 0.5em 0;
		padding: 0;
	}
	.linklist li {
		padding: 2px 0;
	}
	.sidebar {
		float: left;
		width: 320px;
	}
	.bar-wrapper {
		max-width: 1100px;
		margin: 0 auto;
	}
	.bar-wrapper.has-sidebar {
		max-width: 1430px;
	}
	.mainbar {
		margin: 0;
		padding-right: 1px;
	}
	.mainbar.has-sidebar {
		margin-left: 330px;
	}
	@media (min-width: 1511px) {
		.sidebar {
			width: 400px;
		}
		.bar-wrapper.has-sidebar {
			max-width: 1510px;
		}
		.mainbar.has-sidebar {
			margin-left: 410px;
		}
	}
	.section.first-section {
		margin-top: 9px;
	}
	.blocklink small {
		white-space: normal;
	}
	.button {
		vertical-align: middle;
	}
	.replay-controls {
		padding-top: 10px;
	}
	.replay-controls h1 {
		font-size: 16pt;
		font-weight: normal;
		color: #CCC;
	}
	.pagelink {
		text-align: center;
	}
	.pagelink a {
		width: 150px;
	}
	.textbox, .button {
		font-size: 11pt;
		vertical-align: middle;
	}
	@media (max-width: 450px) {
		.button {
			font-size: 9pt;
		}
	}
</style>

<div>

	<header>
		<div class="nav-wrapper"><ul class="nav">
			<li><a class="button nav-first" href="//pokemonshowdown.com/"><img src="//pokemonshowdown.com/images/pokemonshowdownbeta.png" srcset="//pokemonshowdown.com/images/pokemonshowdownbeta.png 1x, //pokemonshowdown.com/images/pokemonshowdownbeta@2x.png 2x" alt="Pok&eacute;mon Showdown" width="146" height="44" /> Home</a></li>
			<li><a class="button" href="//pokemonshowdown.com/dex/">Pok&eacute;dex</a></li>
			<li><a class="button cur" href="/">Replays</a></li>
			<li><a class="button" href="//pokemonshowdown.com/ladder/">Ladder</a></li>
			<li><a class="button nav-last" href="//pokemonshowdown.com/forums/">Forum</a></li>
			<li><a class="button greenbutton nav-first nav-last" href="//play.pokemonshowdown.com/">Play</a></li>
		</ul></div>
	</header>

	<div class="main" id="main">

		<noscript><section class="section">You need to enable JavaScript to use this page; sorry!</section></noscript>

	</div>

</div>

<script defer nomodule src="//play.pokemonshowdown.com/js/lib/ps-polyfill.js"></script>
<script defer src="//play.pokemonshowdown.com/js/lib/preact.min.js"></script>

<script defer src="//play.pokemonshowdown.com/config/config.js?2bddbc15"></script>
<script defer src="//play.pokemonshowdown.com/js/lib/jquery-1.11.0.min.js"></script>
<script defer src="//play.pokemonshowdown.com/js/lib/html-sanitizer-minified.js"></script>
<script defer src="//play.pokemonshowdown.com/js/battle-sound.js"></script>
<script defer src="//play.pokemonshowdown.com/js/battledata.js?0.7209276989879541"></script>
<script defer src="//play.pokemonshowdown.com/data/pokedex-mini.js?0.6111056340867951"></script>
<script defer src="//play.pokemonshowdown.com/data/pokedex-mini-bw.js?0.3532142036491459"></script>
<script defer src="//play.pokemonshowdown.com/data/graphics.js?0.24223875632456182"></script>
<script defer src="//play.pokemonshowdown.com/data/pokedex.js?0.38839984266356864"></script>
<script defer src="//play.pokemonshowdown.com/data/moves.js?0.21866028504024015"></script>
<script defer src="//play.pokemonshowdown.com/data/abilities.js?0.2005157953846628"></script>
<script defer src="//play.pokemonshowdown.com/data/items.js?0.9894211263848525"></script>
<script defer src="//play.pokemonshowdown.com/data/teambuilder-tables.js?0.6008791140282215"></script>
<script defer src="//play.pokemonshowdown.com/js/battle-tooltips.js?0.7580118955022959"></script>
<script defer src="//play.pokemonshowdown.com/js/battle.js?0.6057722274234274"></script>

<script defer src="js/utils.js?e31f9a17"></script>
<script defer src="js/replays-battle.js?7008c182"></script>

<!-- don't scrape this data! just add .json or .log after the URL!
Full API docs: https://github.com/smogon/pokemon-showdown-client/blob/master/WEB-API.md -->
<script type="text/plain" class="log" id="replaylog-smogtours-gen3ou-796178">
|inactive|Battle timer is ON: inactive players will automatically lose when time's up.
|t:|1728324204
|gametype|singles
|player|p1|OOz!?|caitlin-masters|
|player|p2|jank_city.mp4|workerice|
|teamsize|p1|6
|teamsize|p2|6
|gen|3
|tier|[Gen 3] OU
|rule|Sleep Clause Mod: Limit one foe put to sleep
|rule|Switch Priority Clause Mod: Faster Pokémon switch first
|rule|Species Clause: Limit one of each Pokémon
|rule|OHKO Clause: OHKO moves are banned
|rule|Evasion Items Clause: Evasion items are banned
|rule|Evasion Moves Clause: Evasion moves are banned
|rule|Endless Battle Clause: Forcing endless battles is banned
|rule|HP Percentage Mod: HP is shown in percentages
|rule|One Boost Passer Clause: Limit one Baton Passer that has a way to boost its stats
|rule|Freeze Clause Mod: Limit one foe frozen
|
|t:|1728324204
|start
|switch|p1a: Silent Voice|Registeel|100/100
|switch|p2a: Suicune|Suicune|100/100
|turn|1
|c|☆OOz!?| glhf
|c|☆jank_city.mp4|glhf
|
|t:|1728324230
|switch|p2a: Metagross|Metagross|100/100
|switch|p1a: Blis Evergarden|Blissey, F|100/100
|
|upkeep
|turn|2
|
|t:|1728324236
|switch|p1a: Liz and the Skarm|Skarmory, M|100/100
|move|p2a: Metagross|Meteor Mash|p1a: Liz and the Skarm
|-resisted|p1a: Liz and the Skarm
|-damage|p1a: Liz and the Skarm|65/100
|
|-heal|p1a: Liz and the Skarm|71/100|[from] item: Leftovers
|upkeep
|turn|3
|
|t:|1728324244
|switch|p2a: Magneton|Magneton|100/100
|move|p1a: Liz and the Skarm|Spikes|p2a: Magneton
|-sidestart|p2: jank_city.mp4|Spikes
|
|-heal|p1a: Liz and the Skarm|77/100|[from] item: Leftovers
|upkeep
|turn|4
|
|t:|1728324248
|move|p2a: Magneton|Thunderbolt|p1a: Liz and the Skarm
|-supereffective|p1a: Liz and the Skarm
|-damage|p1a: Liz and the Skarm|0 fnt
|faint|p1a: Liz and the Skarm
|
|t:|1728324251
|switch|p1a: Dug Euphonium|Dugtrio, M|100/100
|
|upkeep
|turn|5
|
|t:|1728324254
|move|p1a: Dug Euphonium|Earthquake|p2a: Magneton
|-supereffective|p2a: Magneton
|-damage|p2a: Magneton|0 fnt
|faint|p2a: Magneton
|
|t:|1728324260
|switch|p2a: Salamence|Salamence, M|100/100
|-ability|p2a: Salamence|Intimidate|boost
|-unboost|p1a: Dug Euphonium|atk|1
|
|upkeep
|turn|6
|inactive|OOz!? has 270 seconds left.
|
|t:|1728324308
|switch|p1a: Blis Evergarden|Blissey, F|100/100
|move|p2a: Salamence|Brick Break|p1a: Blis Evergarden
|-supereffective|p1a: Blis Evergarden
|-damage|p1a: Blis Evergarden|38/100
|
|-heal|p1a: Blis Evergarden|45/100|[from] item: Leftovers
|upkeep
|turn|7
|inactive|jank_city.mp4 has 270 seconds left.
|
|t:|1728324335
|switch|p1a: Tamako Fish Story|Milotic, M|100/100
|move|p2a: Salamence|Brick Break|p1a: Tamako Fish Story
|-damage|p1a: Tamako Fish Story|80/100
|
|-heal|p1a: Tamako Fish Story|86/100|[from] item: Leftovers
|upkeep
|turn|8
|inactive|jank_city.mp4 has 270 seconds left.
|
|t:|1728324350
|switch|p2a: Snorlax|Snorlax, F|100/100
|-damage|p2a: Snorlax|88/100|[from] Spikes
|move|p1a: Tamako Fish Story|Surf|p2a: Snorlax
|-damage|p2a: Snorlax|67/100
|
|-heal|p1a: Tamako Fish Story|92/100|[from] item: Leftovers
|-heal|p2a: Snorlax|73/100|[from] item: Leftovers
|upkeep
|turn|9
|inactive|jank_city.mp4 has 270 seconds left.
|
|t:|1728324364
|switch|p1a: Silent Voice|Registeel|100/100
|move|p2a: Snorlax|Earthquake|p1a: Silent Voice
|-supereffective|p1a: Silent Voice
|-damage|p1a: Silent Voice|65/100
|
|-heal|p1a: Silent Voice|71/100|[from] item: Leftovers
|-heal|p2a: Snorlax|79/100|[from] item: Leftovers
|upkeep
|turn|10
|inactive|jank_city.mp4 has 270 seconds left.
|
|t:|1728324398
|switch|p2a: Metagross|Metagross|100/100
|-damage|p2a: Metagross|88/100|[from] Spikes
|move|p1a: Silent Voice|Thunder Wave|p2a: Metagross
|-status|p2a: Metagross|par
|
|-heal|p1a: Silent Voice|77/100|[from] item: Leftovers
|upkeep
|turn|11
|inactive|OOz!? has 270 seconds left.
|
|t:|1728324419
|switch|p1a: Klay-On|Claydol|100/100
|move|p2a: Metagross|Earthquake|p1a: Klay-On
|-immune|p1a: Klay-On
|
|upkeep
|turn|12
|inactive|OOz!? has 240 seconds left.
|inactive|jank_city.mp4 has 240 seconds left.
|inactive|jank_city.mp4 has 210 seconds left.
|
|t:|1728324480
|switch|p1a: Tamako Fish Story|Milotic, M|92/100
|switch|p2a: Suicune|Suicune|100/100
|-damage|p2a: Suicune|88/100|[from] Spikes
|
|-heal|p2a: Suicune|94/100|[from] item: Leftovers
|-heal|p1a: Tamako Fish Story|98/100|[from] item: Leftovers
|upkeep
|turn|13
|inactive|jank_city.mp4 has 210 seconds left.
|
|t:|1728324489
|switch|p2a: Venusaur|Venusaur, M|100/100
|-damage|p2a: Venusaur|88/100|[from] Spikes
|move|p1a: Tamako Fish Story|Toxic|p2a: Venusaur
|-immune|p2a: Venusaur
|
|-heal|p2a: Venusaur|94/100|[from] item: Leftovers
|-heal|p1a: Tamako Fish Story|100/100|[from] item: Leftovers
|upkeep
|turn|14
|inactive|OOz!? has 210 seconds left.
|inactive|jank_city.mp4 has 210 seconds left.
|inactive|OOz!? has 180 seconds left.
|
|t:|1728324569
|move|p2a: Venusaur|Sleep Powder|p1a: Tamako Fish Story
|-status|p1a: Tamako Fish Story|slp|[from] move: Sleep Powder
|cant|p1a: Tamako Fish Story|slp
|
|-heal|p2a: Venusaur|99/100|[from] item: Leftovers
|upkeep
|turn|15
|
|t:|1728324585
|move|p2a: Venusaur|Leech Seed|p1a: Tamako Fish Story
|-start|p1a: Tamako Fish Story|move: Leech Seed
|-curestatus|p1a: Tamako Fish Story|slp|[msg]
|move|p1a: Tamako Fish Story|Surf|p2a: Venusaur
|-resisted|p2a: Venusaur
|-damage|p2a: Venusaur|82/100
|
|-heal|p2a: Venusaur|88/100|[from] item: Leftovers
|-damage|p1a: Tamako Fish Story|88/100|[from] Leech Seed|[of] p2a: Venusaur
|-heal|p2a: Venusaur|100/100|[silent]
|upkeep
|turn|16
|
|t:|1728324590
|move|p2a: Venusaur|Giga Drain|p1a: Tamako Fish Story
|-supereffective|p1a: Tamako Fish Story
|-damage|p1a: Tamako Fish Story|51/100
|move|p1a: Tamako Fish Story|Recover|p1a: Tamako Fish Story
|-heal|p1a: Tamako Fish Story|100/100
|
|-damage|p1a: Tamako Fish Story|88/100|[from] Leech Seed|[of] p2a: Venusaur
|upkeep
|turn|17
|
|t:|1728324599
|switch|p2a: Snorlax|Snorlax, F|79/100
|-damage|p2a: Snorlax|67/100|[from] Spikes
|switch|p1a: Blis Evergarden|Blissey, F|45/100
|
|-heal|p1a: Blis Evergarden|51/100|[from] item: Leftovers
|-heal|p2a: Snorlax|73/100|[from] item: Leftovers
|upkeep
|turn|18
|inactive|jank_city.mp4 has 210 seconds left.
|
|t:|1728324631
|switch|p1a: Silent Voice|Registeel|77/100
|move|p2a: Snorlax|Earthquake|p1a: Silent Voice
|-supereffective|p1a: Silent Voice
|-crit|p1a: Silent Voice
|-damage|p1a: Silent Voice|4/100
|
|-heal|p1a: Silent Voice|10/100|[from] item: Leftovers
|-heal|p2a: Snorlax|79/100|[from] item: Leftovers
|upkeep
|turn|19
|inactive|OOz!? has 180 seconds left.
|inactive|jank_city.mp4 has 180 seconds left.
|inactive|jank_city.mp4 has 150 seconds left.
|
|t:|1728324682
|switch|p2a: Metagross|Metagross|88/100 par
|-damage|p2a: Metagross|76/100 par|[from] Spikes
|move|p1a: Silent Voice|Explosion|p2a: Metagross
|-resisted|p2a: Metagross
|-damage|p2a: Metagross|38/100 par
|faint|p1a: Silent Voice
|
|t:|1728324689
|switch|p1a: Dug Euphonium|Dugtrio, M|100/100
|
|upkeep
|turn|20
|
|t:|1728324696
|move|p1a: Dug Euphonium|Earthquake|p2a: Metagross
|-supereffective|p2a: Metagross
|-damage|p2a: Metagross|0 fnt
|faint|p2a: Metagross
|inactive|jank_city.mp4 has 150 seconds left.
|
|t:|1728324725
|switch|p2a: Snorlax|Snorlax, F|79/100
|-damage|p2a: Snorlax|67/100|[from] Spikes
|
|-heal|p2a: Snorlax|73/100|[from] item: Leftovers
|upkeep
|turn|21
|inactive|OOz!? has 180 seconds left.
|
|t:|1728324732
|move|p1a: Dug Euphonium|Earthquake|p2a: Snorlax
|-crit|p2a: Snorlax
|-damage|p2a: Snorlax|0 fnt
|faint|p2a: Snorlax
|c|☆OOz!?|mb
|inactive|jank_city.mp4 has 120 seconds left.
|
|t:|1728324777
|switch|p2a: Venusaur|Venusaur, M|100/100
|-damage|p2a: Venusaur|88/100|[from] Spikes
|
|-heal|p2a: Venusaur|94/100|[from] item: Leftovers
|upkeep
|turn|22
|inactive|OOz!? has 180 seconds left.
|
|t:|1728324802
|move|p1a: Dug Euphonium|Earthquake|p2a: Venusaur
|-damage|p2a: Venusaur|22/100
|move|p2a: Venusaur|Giga Drain|p1a: Dug Euphonium
|-supereffective|p1a: Dug Euphonium
|-crit|p1a: Dug Euphonium
|-damage|p1a: Dug Euphonium|0 fnt
|-heal|p2a: Venusaur|56/100|[from] drain|[of] p1a: Dug Euphonium
|faint|p1a: Dug Euphonium
|inactive|OOz!? has 150 seconds left.
|inactive|OOz!? has 120 seconds left.
|inactive|OOz!? has 90 seconds left.
|
|t:|1728324888
|switch|p1a: Klay-On|Claydol|100/100
|
|-heal|p2a: Venusaur|62/100|[from] item: Leftovers
|upkeep
|turn|23
|
|t:|1728324895
|move|p2a: Venusaur|Giga Drain|p1a: Klay-On
|-supereffective|p1a: Klay-On
|-damage|p1a: Klay-On|54/100
|-heal|p2a: Venusaur|88/100|[from] drain|[of] p1a: Klay-On
|move|p1a: Klay-On|Explosion|p2a: Venusaur
|-damage|p2a: Venusaur|0 fnt
|faint|p1a: Klay-On
|faint|p2a: Venusaur
|
|t:|1728324911
|switch|p2a: Salamence|Salamence, M|100/100
|switch|p1a: Tamako Fish Story|Milotic, M|88/100
|-ability|p2a: Salamence|Intimidate|boost
|-unboost|p1a: Tamako Fish Story|atk|1
|
|-heal|p1a: Tamako Fish Story|94/100|[from] item: Leftovers
|upkeep
|turn|24
|
|t:|1728324922
|move|p2a: Salamence|Dragon Dance|p2a: Salamence
|-boost|p2a: Salamence|atk|1
|-boost|p2a: Salamence|spe|1
|move|p1a: Tamako Fish Story|Toxic|p2a: Salamence
|-status|p2a: Salamence|tox
|-enditem|p2a: Salamence|Lum Berry|[eat]
|-curestatus|p2a: Salamence|tox|[msg]
|
|-heal|p1a: Tamako Fish Story|99/100|[from] item: Leftovers
|upkeep
|turn|25
|
|t:|1728324931
|move|p2a: Salamence|Dragon Dance|p2a: Salamence
|-boost|p2a: Salamence|atk|1
|-boost|p2a: Salamence|spe|1
|move|p1a: Tamako Fish Story|Toxic|p2a: Salamence
|-status|p2a: Salamence|tox
|
|-damage|p2a: Salamence|94/100 tox|[from] psn
|-heal|p1a: Tamako Fish Story|100/100|[from] item: Leftovers
|upkeep
|turn|26
|
|t:|1728324937
|move|p2a: Salamence|Dragon Dance|p2a: Salamence
|-boost|p2a: Salamence|atk|1
|-boost|p2a: Salamence|spe|1
|move|p1a: Tamako Fish Story|Recover||[still]
|-fail|p1a: Tamako Fish Story|heal
|
|-damage|p2a: Salamence|82/100 tox|[from] psn
|upkeep
|turn|27
|
|t:|1728324946
|move|p2a: Salamence|Hidden Power|p1a: Tamako Fish Story
|-damage|p1a: Tamako Fish Story|26/100
|move|p1a: Tamako Fish Story|Surf|p2a: Salamence
|-resisted|p2a: Salamence
|-damage|p2a: Salamence|64/100 tox
|
|-damage|p2a: Salamence|46/100 tox|[from] psn
|-heal|p1a: Tamako Fish Story|32/100|[from] item: Leftovers
|upkeep
|turn|28
|inactive|OOz!? has 120 seconds left.
|
|t:|1728324961
|move|p2a: Salamence|Hidden Power|p1a: Tamako Fish Story
|-damage|p1a: Tamako Fish Story|0 fnt
|faint|p1a: Tamako Fish Story
|
|t:|1728324964
|switch|p1a: Blis Evergarden|Blissey, F|51/100
|
|-damage|p2a: Salamence|21/100 tox|[from] psn
|-heal|p1a: Blis Evergarden|57/100|[from] item: Leftovers
|upkeep
|turn|29
|
|t:|1728324966
|move|p2a: Salamence|Brick Break|p1a: Blis Evergarden
|-supereffective|p1a: Blis Evergarden
|-damage|p1a: Blis Evergarden|0 fnt
|faint|p1a: Blis Evergarden
|
|win|jank_city.mp4
|c|☆jank_city.mp4|gg
|c|☆OOz!?|gg

</script>
<script type="application/json" class="data" id="replaydata-smogtours-gen3ou-796178">
{"id":"smogtours-gen3ou-796178","format":"[Gen 3] OU","players":["OOz!?","jank_city.mp4"],"uploadtime":1728324966,"views":135,"formatid":"gen3ou","rating":null,"private":0,"password":null}
</script>

<script defer src="js/replays.js?9d40a366"></script>
