<!DOCTYPE html>
<meta charset="utf-8" />
<meta name="viewport" content="width=device-width" />

<title>[Gen 3] OU: gorditoconbigote vs. Kollin7 - Replays - Pok&eacute;mon Showdown!</title>

<meta name="description" content="Watch a replay of a Pok&eacute;mon battle between gorditoconbigote and Kollin7! Format: [Gen 3] OU; Date: Oct 22, 2024" />
<!--

Hey, you! Looking in the source for the replay log?

You can find them in JSON format, just add `.json` at the end of a replay URL.

https://replay.pokemonshowdown.com/gen7randomdoublesbattle-865046831.json

Or, if you only need the log itself, add `.log` instead:

https://replay.pokemonshowdown.com/gen7randomdoublesbattle-865046831.log

-->

<link rel="stylesheet" href="//pokemonshowdown.com/style/global.css?0.023195364461161105" />
<link rel="stylesheet" href="//play.pokemonshowdown.com/style/font-awesome.css?0.13261647063804238" />
<link rel="stylesheet" href="//play.pokemonshowdown.com/style/battle.css?0.8753245789963631" />
<link rel="stylesheet" href="//play.pokemonshowdown.com/style/utilichart.css?0.8627959624976733" />

<!-- Global site tag (gtag.js) - Google Analytics -->
<script async src="https://www.googletagmanager.com/gtag/js?id=UA-26211653-1"></script>
<script>
  window.dataLayer = window.dataLayer || [];
  function gtag(){dataLayer.push(arguments);}
  gtag('js', new Date());

  gtag('config', 'UA-26211653-1');
</script>
<!-- End Google Analytics -->
<!-- Venatus Ad Manager - Install in <HEAD> of page -->
	<script src="https://hb.vntsm.com/v3/live/ad-manager.min.js" type="text/javascript" data-site-id="642aba63ec9a7b11c3c9c1be" data-mode="scan" async></script>
<!-- / Venatus Ad Manager -->

<style>
	@media (max-width:820px) {
		.battle {
			margin: 0 auto;
		}
		.battle-log {
			margin: 7px auto 0;
			max-width: 640px;
			height: 300px;
			position: static;
		}
	}
	.optgroup {
		display: inline-block;
		line-height: 22px;
		font-size: 10pt;
	}
	.optgroup .button {
		height: 25px;
		padding-top: 0;
		padding-bottom: 0;
	}
	.optgroup button.button {
		padding-left: 12px;
		padding-right: 12px;
	}
	.linklist {
		list-style: none;
		margin: 0.5em 0;
		padding: 0;
	}
	.linklist li {
		padding: 2px 0;
	}
	.sidebar {
		float: left;
		width: 320px;
	}
	.bar-wrapper {
		max-width: 1100px;
		margin: 0 auto;
	}
	.bar-wrapper.has-sidebar {
		max-width: 1430px;
	}
	.mainbar {
		margin: 0;
		padding-right: 1px;
	}
	.mainbar.has-sidebar {
		margin-left: 330px;
	}
	@media (min-width: 1511px) {
		.sidebar {
			width: 400px;
		}
		.bar-wrapper.has-sidebar {
			max-width: 1510px;
		}
		.mainbar.has-sidebar {
			margin-left: 410px;
		}
	}
	.section.first-section {
		margin-top: 9px;
	}
	.blocklink small {
		white-space: normal;
	}
	.button {
		vertical-align: middle;
	}
	.replay-controls {
		padding-top: 10px;
	}
	.replay-controls h1 {
		font-size: 16pt;
		font-weight: normal;
		color: #CCC;
	}
	.pagelink {
		text-align: center;
	}
	.pagelink a {
		width: 150px;
	}
	.textbox, .button {
		font-size: 11pt;
		vertical-align: middle;
	}
	@media (max-width: 450px) {
		.button {
			font-size: 9pt;
		}
	}
</style>

<div>

	<header>
		<div class="nav-wrapper"><ul class="nav">
			<li><a class="button nav-first" href="//pokemonshowdown.com/"><img src="//pokemonshowdown.com/images/pokemonshowdownbeta.png" srcset="//pokemonshowdown.com/images/pokemonshowdownbeta.png 1x, //pokemonshowdown.com/images/pokemonshowdownbeta@2x.png 2x" alt="Pok&eacute;mon Showdown" width="146" height="44" /> Home</a></li>
			<li><a class="button" href="//pokemonshowdown.com/dex/">Pok&eacute;dex</a></li>
			<li><a class="button cur" href="/">Replays</a></li>
			<li><a class="button" href="//pokemonshowdown.com/ladder/">Ladder</a></li>
			<li><a class="button nav-last" href="//pokemonshowdown.com/forums/">Forum</a></li>
			<li><a class="button greenbutton nav-first nav-last" href="//play.pokemonshowdown.com/">Play</a></li>
		</ul></div>
	</header>

	<div class="main" id="main">

		<noscript><section class="section">You need to enable JavaScript to use this page; sorry!</section></noscript>

	</div>

</div>

<script defer nomodule src="//play.pokemonshowdown.com/js/lib/ps-polyfill.js"></script>
<script defer src="//play.pokemonshowdown.com/js/lib/preact.min.js"></script>

<script defer src="//play.pokemonshowdown.com/config/config.js?2bddbc15"></script>
<script defer src="//play.pokemonshowdown.com/js/lib/jquery-1.11.0.min.js"></script>
<script defer src="//play.pokemonshowdown.com/js/lib/html-sanitizer-minified.js"></script>
<script defer src="//play.pokemonshowdown.com/js/battle-sound.js"></script>
<script defer src="//play.pokemonshowdown.com/js/battledata.js?0.7209276989879541"></script>
<script defer src="//play.pokemonshowdown.com/data/pokedex-mini.js?0.6111056340867951"></script>
<script defer src="//play.pokemonshowdown.com/data/pokedex-mini-bw.js?0.3532142036491459"></script>
<script defer src="//play.pokemonshowdown.com/data/graphics.js?0.24223875632456182"></script>
<script defer src="//play.pokemonshowdown.com/data/pokedex.js?0.38839984266356864"></script>
<script defer src="//play.pokemonshowdown.com/data/moves.js?0.21866028504024015"></script>
<script defer src="//play.pokemonshowdown.com/data/abilities.js?0.2005157953846628"></script>
<script defer src="//play.pokemonshowdown.com/data/items.js?0.9894211263848525"></script>
<script defer src="//play.pokemonshowdown.com/data/teambuilder-tables.js?0.6008791140282215"></script>
<script defer src="//play.pokemonshowdown.com/js/battle-tooltips.js?0.7580118955022959"></script>
<script defer src="//play.pokemonshowdown.com/js/battle.js?0.6057722274234274"></script>

<script defer src="js/utils.js?e31f9a17"></script>
<script defer src="js/replays-battle.js?7008c182"></script>

<!-- don't scrape this data! just add .json or .log after the URL!
Full API docs: https://github.com/smogon/pokemon-showdown-client/blob/master/WEB-API.md -->
<script type="text/plain" class="log" id="replaylog-smogtours-gen3ou-801233">
|inactive|Battle timer is ON: inactive players will automatically lose when time's up.
|t:|1729621956
|gametype|singles
|player|p1|gorditoconbigote|265|
|player|p2|Kollin7|hiker-gen2|
|teamsize|p1|6
|teamsize|p2|6
|gen|3
|tier|[Gen 3] OU
|rule|Sleep Clause Mod: Limit one foe put to sleep
|rule|Switch Priority Clause Mod: Faster Pokémon switch first
|rule|Species Clause: Limit one of each Pokémon
|rule|OHKO Clause: OHKO moves are banned
|rule|Evasion Items Clause: Evasion items are banned
|rule|Evasion Moves Clause: Evasion moves are banned
|rule|Endless Battle Clause: Forcing endless battles is banned
|rule|HP Percentage Mod: HP is shown in percentages
|rule|One Boost Passer Clause: Limit one Baton Passer that has a way to boost its stats
|rule|Freeze Clause Mod: Limit one foe frozen
|
|t:|1729621956
|start
|switch|p1a: Salamence|Salamence, F|100/100
|switch|p2a: Metagross|Metagross|100/100
|-ability|p1a: Salamence|Intimidate|boost
|-fail|p2a: Metagross|unboost|[from] ability: Clear Body|[of] p2a: Metagross
|turn|1
|inactive|Kollin7 also wants the timer to be on.
|
|t:|1729621984
|switch|p1a: Skarmory|Skarmory, F|100/100
|move|p2a: Metagross|Meteor Mash|p1a: Skarmory|[miss]
|-miss|p2a: Metagross|p1a: Skarmory
|
|upkeep
|turn|2
|
|t:|1729621991
|switch|p2a: Magneton|Magneton|100/100
|move|p1a: Skarmory|Spikes|p2a: Magneton
|-sidestart|p2: Kollin7|Spikes
|
|upkeep
|turn|3
|
|t:|1729621999
|move|p1a: Skarmory|Protect|p1a: Skarmory
|-singleturn|p1a: Skarmory|Protect
|move|p2a: Magneton|Thunderbolt|p1a: Skarmory
|-activate|p1a: Skarmory|Protect
|
|upkeep
|turn|4
|
|t:|1729622006
|move|p2a: Magneton|Thunderbolt|p1a: Skarmory
|-supereffective|p1a: Skarmory
|-damage|p1a: Skarmory|0 fnt
|faint|p1a: Skarmory
|
|t:|1729622016
|switch|p1a: Salamence|Salamence, F|100/100
|-ability|p1a: Salamence|Intimidate|boost
|-unboost|p2a: Magneton|atk|1
|
|upkeep
|turn|5
|
|t:|1729622022
|switch|p2a: Gyarados|Gyarados, M|100/100
|-ability|p2a: Gyarados|Intimidate|boost
|-unboost|p1a: Salamence|atk|1
|move|p1a: Salamence|Earthquake|p2a: Gyarados
|-immune|p2a: Gyarados
|
|upkeep
|turn|6
|
|t:|1729622044
|switch|p1a: Tyranitar|Tyranitar, F|100/100
|-weather|Sandstorm|[from] ability: Sand Stream|[of] p1a: Tyranitar
|switch|p2a: Metagross|Metagross|100/100
|-damage|p2a: Metagross|88/100|[from] Spikes
|
|-weather|Sandstorm|[upkeep]
|-heal|p2a: Metagross|94/100|[from] item: Leftovers
|upkeep
|turn|7
|
|t:|1729622065
|switch|p1a: Milotic|Milotic, F|100/100
|move|p2a: Metagross|Meteor Mash|p1a: Milotic|[miss]
|-miss|p2a: Metagross|p1a: Milotic
|
|-weather|Sandstorm|[upkeep]
|-damage|p1a: Milotic|94/100|[from] Sandstorm
|-heal|p1a: Milotic|100/100|[from] item: Leftovers
|-heal|p2a: Metagross|100/100|[from] item: Leftovers
|upkeep
|turn|8
|
|t:|1729622073
|switch|p1a: Claydol|Claydol|100/100
|switch|p2a: Celebi|Celebi|100/100
|-damage|p2a: Celebi|88/100|[from] Spikes
|
|-weather|Sandstorm|[upkeep]
|-damage|p2a: Celebi|82/100|[from] Sandstorm
|-heal|p2a: Celebi|88/100|[from] item: Leftovers
|upkeep
|turn|9
|
|t:|1729622092
|move|p2a: Celebi|Calm Mind|p2a: Celebi
|-boost|p2a: Celebi|spa|1
|-boost|p2a: Celebi|spd|1
|move|p1a: Claydol|Psychic|p2a: Celebi
|-resisted|p2a: Celebi
|-damage|p2a: Celebi|81/100
|
|-weather|Sandstorm|[upkeep]
|-damage|p2a: Celebi|75/100|[from] Sandstorm
|-heal|p2a: Celebi|81/100|[from] item: Leftovers
|upkeep
|turn|10
|
|t:|1729622104
|switch|p2a: Magneton|Magneton|100/100
|-damage|p2a: Magneton|88/100|[from] Spikes
|move|p1a: Claydol|Explosion|p2a: Magneton
|-resisted|p2a: Magneton
|-damage|p2a: Magneton|0 fnt
|faint|p1a: Claydol
|faint|p2a: Magneton
|inactive|gorditoconbigote has 270 seconds left.
|
|t:|1729622152
|switch|p2a: Metagross|Metagross|100/100
|switch|p1a: Salamence|Salamence, F|100/100
|-ability|p1a: Salamence|Intimidate|boost
|-fail|p2a: Metagross|unboost|[from] ability: Clear Body|[of] p2a: Metagross
|-damage|p2a: Metagross|88/100|[from] Spikes
|
|-weather|Sandstorm|[upkeep]
|-damage|p1a: Salamence|94/100|[from] Sandstorm
|-heal|p2a: Metagross|94/100|[from] item: Leftovers
|upkeep
|turn|11
|inactive|gorditoconbigote has 240 seconds left.
|inactive|Kollin7 has 270 seconds left.
|inactive|Kollin7 has 240 seconds left.
|inactive|Kollin7 has 210 seconds left.
|
|t:|1729622239
|switch|p1a: Milotic|Milotic, F|100/100
|move|p2a: Metagross|Meteor Mash|p1a: Milotic
|-resisted|p1a: Milotic
|-damage|p1a: Milotic|80/100
|-boost|p2a: Metagross|atk|1
|
|-weather|Sandstorm|[upkeep]
|-damage|p1a: Milotic|74/100|[from] Sandstorm
|-heal|p1a: Milotic|80/100|[from] item: Leftovers
|-heal|p2a: Metagross|100/100|[from] item: Leftovers
|upkeep
|turn|12
|inactive|gorditoconbigote has 240 seconds left.
|inactive|Kollin7 has 210 seconds left.
|
|t:|1729622256
|switch|p2a: Celebi|Celebi|81/100
|-damage|p2a: Celebi|69/100|[from] Spikes
|move|p1a: Milotic|Surf|p2a: Celebi
|-resisted|p2a: Celebi
|-damage|p2a: Celebi|54/100
|
|-weather|Sandstorm|[upkeep]
|-damage|p2a: Celebi|47/100|[from] Sandstorm
|-damage|p1a: Milotic|74/100|[from] Sandstorm
|-heal|p2a: Celebi|54/100|[from] item: Leftovers
|-heal|p1a: Milotic|80/100|[from] item: Leftovers
|upkeep
|turn|13
|inactive|Kollin7 has 210 seconds left.
|
|t:|1729622264
|switch|p1a: Salamence|Salamence, F|94/100
|-ability|p1a: Salamence|Intimidate|boost
|-unboost|p2a: Celebi|atk|1
|move|p2a: Celebi|Calm Mind|p2a: Celebi
|-boost|p2a: Celebi|spa|1
|-boost|p2a: Celebi|spd|1
|
|-weather|Sandstorm|[upkeep]
|-damage|p2a: Celebi|47/100|[from] Sandstorm
|-damage|p1a: Salamence|88/100|[from] Sandstorm
|-heal|p2a: Celebi|54/100|[from] item: Leftovers
|upkeep
|turn|14
|
|t:|1729622274
|move|p1a: Salamence|Hidden Power|p2a: Celebi
|-supereffective|p2a: Celebi
|-damage|p2a: Celebi|0 fnt
|faint|p2a: Celebi
|inactive|Kollin7 has 210 seconds left.
|c|☆Kollin7|how does this always happen
|
|t:|1729622308
|switch|p2a: Metagross|Metagross|100/100
|-damage|p2a: Metagross|88/100|[from] Spikes
|
|-weather|Sandstorm|[upkeep]
|-damage|p1a: Salamence|82/100|[from] Sandstorm
|-heal|p2a: Metagross|94/100|[from] item: Leftovers
|upkeep
|turn|15
|
|t:|1729622329
|switch|p1a: Milotic|Milotic, F|80/100
|switch|p2a: Snorlax|Snorlax, M|100/100
|-damage|p2a: Snorlax|88/100|[from] Spikes
|
|-weather|Sandstorm|[upkeep]
|-damage|p1a: Milotic|74/100|[from] Sandstorm
|-damage|p2a: Snorlax|82/100|[from] Sandstorm
|-heal|p1a: Milotic|80/100|[from] item: Leftovers
|-heal|p2a: Snorlax|88/100|[from] item: Leftovers
|upkeep
|turn|16
|
|t:|1729622348
|move|p1a: Milotic|Surf|p2a: Snorlax
|-damage|p2a: Snorlax|71/100
|move|p2a: Snorlax|Curse|p2a: Snorlax
|-unboost|p2a: Snorlax|spe|1
|-boost|p2a: Snorlax|atk|1
|-boost|p2a: Snorlax|def|1
|
|-weather|Sandstorm|[upkeep]
|-damage|p1a: Milotic|74/100|[from] Sandstorm
|-damage|p2a: Snorlax|65/100|[from] Sandstorm
|-heal|p1a: Milotic|80/100|[from] item: Leftovers
|-heal|p2a: Snorlax|71/100|[from] item: Leftovers
|upkeep
|turn|17
|inactive|gorditoconbigote has 240 seconds left.
|
|t:|1729622372
|switch|p1a: Salamence|Salamence, F|82/100
|-ability|p1a: Salamence|Intimidate|boost
|-unboost|p2a: Snorlax|atk|1
|move|p2a: Snorlax|Curse|p2a: Snorlax
|-unboost|p2a: Snorlax|spe|1
|-boost|p2a: Snorlax|atk|1
|-boost|p2a: Snorlax|def|1
|
|-weather|Sandstorm|[upkeep]
|-damage|p1a: Salamence|76/100|[from] Sandstorm
|-damage|p2a: Snorlax|65/100|[from] Sandstorm
|-heal|p2a: Snorlax|71/100|[from] item: Leftovers
|upkeep
|turn|18
|inactive|gorditoconbigote has 240 seconds left.
|
|t:|1729622378
|move|p1a: Salamence|Brick Break|p2a: Snorlax
|-supereffective|p2a: Snorlax
|-damage|p2a: Snorlax|32/100
|move|p2a: Snorlax|Body Slam|p1a: Salamence
|-damage|p1a: Salamence|7/100
|
|-weather|Sandstorm|[upkeep]
|-damage|p1a: Salamence|1/100|[from] Sandstorm
|-damage|p2a: Snorlax|26/100|[from] Sandstorm
|-heal|p2a: Snorlax|32/100|[from] item: Leftovers
|upkeep
|turn|19
|inactive|gorditoconbigote has 240 seconds left.
|inactive|Kollin7 has 210 seconds left.
|inactive|Kollin7 has 180 seconds left.
|
|t:|1729622424
|move|p1a: Salamence|Brick Break|p2a: Snorlax
|-supereffective|p2a: Snorlax
|-damage|p2a: Snorlax|0 fnt
|faint|p2a: Snorlax
|
|t:|1729622431
|switch|p2a: Heracross|Heracross, F|100/100
|-damage|p2a: Heracross|88/100|[from] Spikes
|
|-weather|Sandstorm|[upkeep]
|-damage|p1a: Salamence|0 fnt|[from] Sandstorm
|-damage|p2a: Heracross|82/100|[from] Sandstorm
|faint|p1a: Salamence
|upkeep
|
|t:|1729622447
|switch|p1a: Milotic|Milotic, F|80/100
|turn|20
|inactive|Kollin7 has 180 seconds left.
|
|t:|1729622462
|move|p2a: Heracross|Swords Dance|p2a: Heracross
|-boost|p2a: Heracross|atk|2
|move|p1a: Milotic|Surf|p2a: Heracross
|-damage|p2a: Heracross|43/100
|
|-weather|Sandstorm|[upkeep]
|-damage|p2a: Heracross|37/100|[from] Sandstorm
|-damage|p1a: Milotic|74/100|[from] Sandstorm
|-heal|p1a: Milotic|80/100|[from] item: Leftovers
|upkeep
|turn|21
|
|t:|1729622475
|move|p2a: Heracross|Megahorn|p1a: Milotic
|-damage|p1a: Milotic|0 fnt
|faint|p1a: Milotic
|
|t:|1729622482
|switch|p1a: Tyranitar|Tyranitar, F|100/100
|
|-weather|Sandstorm|[upkeep]
|-damage|p2a: Heracross|31/100|[from] Sandstorm
|upkeep
|turn|22
|
|t:|1729622487
|move|p2a: Heracross|Megahorn|p1a: Tyranitar|[miss]
|-miss|p2a: Heracross|p1a: Tyranitar
|move|p1a: Tyranitar|Dragon Dance|p1a: Tyranitar
|-boost|p1a: Tyranitar|atk|1
|-boost|p1a: Tyranitar|spe|1
|
|-weather|Sandstorm|[upkeep]
|-damage|p2a: Heracross|25/100|[from] Sandstorm
|-enditem|p2a: Heracross|Salac Berry|[eat]
|-boost|p2a: Heracross|spe|1|[from] item: Salac Berry
|upkeep
|turn|23
|inactive|gorditoconbigote has 240 seconds left.
|
|t:|1729622509
|move|p2a: Heracross|Megahorn|p1a: Tyranitar
|-supereffective|p1a: Tyranitar
|-damage|p1a: Tyranitar|0 fnt
|faint|p1a: Tyranitar
|
|t:|1729622513
|switch|p1a: Blissey|Blissey, F|100/100
|
|-weather|Sandstorm|[upkeep]
|-damage|p2a: Heracross|19/100|[from] Sandstorm
|-damage|p1a: Blissey|94/100|[from] Sandstorm
|-heal|p1a: Blissey|100/100|[from] item: Leftovers
|upkeep
|turn|24
|
|t:|1729622516
|move|p2a: Heracross|Megahorn|p1a: Blissey
|-damage|p1a: Blissey|0 fnt
|faint|p1a: Blissey
|
|win|Kollin7
|c|☆gorditoconbigote|ggwp
|c|☆Kollin7|gg

</script>
<script type="application/json" class="data" id="replaydata-smogtours-gen3ou-801233">
{"id":"smogtours-gen3ou-801233","format":"[Gen 3] OU","players":["gorditoconbigote","Kollin7"],"uploadtime":1729622516,"views":116,"formatid":"gen3ou","rating":null,"private":0,"password":null}
</script>

<script defer src="js/replays.js?9d40a366"></script>
