<!DOCTYPE html>
<meta charset="utf-8" />
<meta name="viewport" content="width=device-width" />

<title>[Gen 3] OU: jeffoly vs. inkyno1 - Replays - Pok&eacute;mon Showdown!</title>

<meta name="description" content="Watch a replay of a Pok&eacute;mon battle between jeffoly and inkyno1! Format: [Gen 3] OU; Date: Oct 8, 2024" />
<!--

Hey, you! Looking in the source for the replay log?

You can find them in JSON format, just add `.json` at the end of a replay URL.

https://replay.pokemonshowdown.com/gen7randomdoublesbattle-865046831.json

Or, if you only need the log itself, add `.log` instead:

https://replay.pokemonshowdown.com/gen7randomdoublesbattle-865046831.log

-->

<link rel="stylesheet" href="//pokemonshowdown.com/style/global.css?0.767286132409787" />
<link rel="stylesheet" href="//play.pokemonshowdown.com/style/font-awesome.css?0.9266228007934947" />
<link rel="stylesheet" href="//play.pokemonshowdown.com/style/battle.css?0.7924700842790926" />
<link rel="stylesheet" href="//play.pokemonshowdown.com/style/utilichart.css?0.8777417872839479" />

<!-- Global site tag (gtag.js) - Google Analytics -->
<script async src="https://www.googletagmanager.com/gtag/js?id=UA-26211653-1"></script>
<script>
  window.dataLayer = window.dataLayer || [];
  function gtag(){dataLayer.push(arguments);}
  gtag('js', new Date());

  gtag('config', 'UA-26211653-1');
</script>
<!-- End Google Analytics -->
<!-- Venatus Ad Manager - Install in <HEAD> of page -->
	<script src="https://hb.vntsm.com/v3/live/ad-manager.min.js" type="text/javascript" data-site-id="642aba63ec9a7b11c3c9c1be" data-mode="scan" async></script>
<!-- / Venatus Ad Manager -->

<style>
	@media (max-width:820px) {
		.battle {
			margin: 0 auto;
		}
		.battle-log {
			margin: 7px auto 0;
			max-width: 640px;
			height: 300px;
			position: static;
		}
	}
	.optgroup {
		display: inline-block;
		line-height: 22px;
		font-size: 10pt;
	}
	.optgroup .button {
		height: 25px;
		padding-top: 0;
		padding-bottom: 0;
	}
	.optgroup button.button {
		padding-left: 12px;
		padding-right: 12px;
	}
	.linklist {
		list-style: none;
		margin: 0.5em 0;
		padding: 0;
	}
	.linklist li {
		padding: 2px 0;
	}
	.sidebar {
		float: left;
		width: 320px;
	}
	.bar-wrapper {
		max-width: 1100px;
		margin: 0 auto;
	}
	.bar-wrapper.has-sidebar {
		max-width: 1430px;
	}
	.mainbar {
		margin: 0;
		padding-right: 1px;
	}
	.mainbar.has-sidebar {
		margin-left: 330px;
	}
	@media (min-width: 1511px) {
		.sidebar {
			width: 400px;
		}
		.bar-wrapper.has-sidebar {
			max-width: 1510px;
		}
		.mainbar.has-sidebar {
			margin-left: 410px;
		}
	}
	.section.first-section {
		margin-top: 9px;
	}
	.blocklink small {
		white-space: normal;
	}
	.button {
		vertical-align: middle;
	}
	.replay-controls {
		padding-top: 10px;
	}
	.replay-controls h1 {
		font-size: 16pt;
		font-weight: normal;
		color: #CCC;
	}
	.pagelink {
		text-align: center;
	}
	.pagelink a {
		width: 150px;
	}
	.textbox, .button {
		font-size: 11pt;
		vertical-align: middle;
	}
	@media (max-width: 450px) {
		.button {
			font-size: 9pt;
		}
	}
</style>

<div>

	<header>
		<div class="nav-wrapper"><ul class="nav">
			<li><a class="button nav-first" href="//pokemonshowdown.com/"><img src="//pokemonshowdown.com/images/pokemonshowdownbeta.png" srcset="//pokemonshowdown.com/images/pokemonshowdownbeta.png 1x, //pokemonshowdown.com/images/pokemonshowdownbeta@2x.png 2x" alt="Pok&eacute;mon Showdown" width="146" height="44" /> Home</a></li>
			<li><a class="button" href="//pokemonshowdown.com/dex/">Pok&eacute;dex</a></li>
			<li><a class="button cur" href="/">Replays</a></li>
			<li><a class="button" href="//pokemonshowdown.com/ladder/">Ladder</a></li>
			<li><a class="button nav-last" href="//pokemonshowdown.com/forums/">Forum</a></li>
			<li><a class="button greenbutton nav-first nav-last" href="//play.pokemonshowdown.com/">Play</a></li>
		</ul></div>
	</header>

	<div class="main" id="main">

		<noscript><section class="section">You need to enable JavaScript to use this page; sorry!</section></noscript>

	</div>

</div>

<script defer nomodule src="//play.pokemonshowdown.com/js/lib/ps-polyfill.js"></script>
<script defer src="//play.pokemonshowdown.com/js/lib/preact.min.js"></script>

<script defer src="//play.pokemonshowdown.com/config/config.js?6dec07f6"></script>
<script defer src="//play.pokemonshowdown.com/js/lib/jquery-1.11.0.min.js"></script>
<script defer src="//play.pokemonshowdown.com/js/lib/html-sanitizer-minified.js"></script>
<script defer src="//play.pokemonshowdown.com/js/battle-sound.js"></script>
<script defer src="//play.pokemonshowdown.com/js/battledata.js?0.6315294753075389"></script>
<script defer src="//play.pokemonshowdown.com/data/pokedex-mini.js?0.7603743185311358"></script>
<script defer src="//play.pokemonshowdown.com/data/pokedex-mini-bw.js?0.030888842834281283"></script>
<script defer src="//play.pokemonshowdown.com/data/graphics.js?0.05593094747507488"></script>
<script defer src="//play.pokemonshowdown.com/data/pokedex.js?0.47064822249611904"></script>
<script defer src="//play.pokemonshowdown.com/data/moves.js?0.8583693120512459"></script>
<script defer src="//play.pokemonshowdown.com/data/abilities.js?0.16017181182386842"></script>
<script defer src="//play.pokemonshowdown.com/data/items.js?0.4163379185673943"></script>
<script defer src="//play.pokemonshowdown.com/data/teambuilder-tables.js?0.31075597372830477"></script>
<script defer src="//play.pokemonshowdown.com/js/battle-tooltips.js?0.6536193500708172"></script>
<script defer src="//play.pokemonshowdown.com/js/battle.js?0.1916591943277901"></script>

<script defer src="js/utils.js?e31f9a17"></script>
<script defer src="js/replays-battle.js?7008c182"></script>

<!-- don't scrape this data! just add .json or .log after the URL!
Full API docs: https://github.com/smogon/pokemon-showdown-client/blob/master/WEB-API.md -->
<script type="text/plain" class="log" id="replaylog-smogtours-gen3ou-796484">
|inactive|Battle timer is ON: inactive players will automatically lose when time's up.
|t:|1728419803
|gametype|singles
|player|p1|jeffoly|266|
|player|p2|inkyno1|101|
|teamsize|p1|6
|teamsize|p2|6
|gen|3
|tier|[Gen 3] OU
|rule|Sleep Clause Mod: Limit one foe put to sleep
|rule|Switch Priority Clause Mod: Faster Pokémon switch first
|rule|Species Clause: Limit one of each Pokémon
|rule|OHKO Clause: OHKO moves are banned
|rule|Evasion Items Clause: Evasion items are banned
|rule|Evasion Moves Clause: Evasion moves are banned
|rule|Endless Battle Clause: Forcing endless battles is banned
|rule|HP Percentage Mod: HP is shown in percentages
|rule|One Boost Passer Clause: Limit one Baton Passer that has a way to boost its stats
|rule|Freeze Clause Mod: Limit one foe frozen
|
|t:|1728419803
|start
|switch|p1a: Zapdos|Zapdos|100/100
|switch|p2a: Skarmory|Skarmory, F|100/100
|turn|1
|
|t:|1728419814
|switch|p2a: Blissey|Blissey, F|100/100
|move|p1a: Zapdos|Thunder Wave|p2a: Blissey
|-status|p2a: Blissey|par
|
|upkeep
|turn|2
|
|t:|1728419822
|-curestatus|p2a: Blissey|par|[from] ability: Natural Cure
|switch|p2a: Skarmory|Skarmory, F|100/100
|move|p1a: Zapdos|Baton Pass|p1a: Zapdos
|
|t:|1728419829
|switch|p1a: Starmie|Starmie|100/100|[from] Baton Pass
|
|upkeep
|turn|3
|
|t:|1728419847
|switch|p2a: Blissey|Blissey, F|100/100
|move|p1a: Starmie|Thunderbolt|p2a: Blissey
|-damage|p2a: Blissey|89/100
|
|-heal|p2a: Blissey|95/100|[from] item: Leftovers
|upkeep
|turn|4
|
|t:|1728419860
|switch|p1a: Dugtrio|Dugtrio, M|100/100
|move|p2a: Blissey|Thunderbolt|p1a: Dugtrio
|-immune|p1a: Dugtrio
|
|-heal|p2a: Blissey|100/100|[from] item: Leftovers
|upkeep
|turn|5
|
|t:|1728419866
|move|p1a: Dugtrio|Beat Up|p2a: Blissey
|-damage|p2a: Blissey|91/100
|-damage|p2a: Blissey|81/100
|-damage|p2a: Blissey|69/100
|-damage|p2a: Blissey|57/100
|-damage|p2a: Blissey|41/100
|-damage|p2a: Blissey|31/100
|-hitcount|p2a: Blissey|6
|move|p2a: Blissey|Ice Beam|p1a: Dugtrio
|-supereffective|p1a: Dugtrio
|-damage|p1a: Dugtrio|11/100
|
|-heal|p2a: Blissey|37/100|[from] item: Leftovers
|upkeep
|turn|6
|
|t:|1728419879
|move|p1a: Dugtrio|Beat Up|p2a: Blissey
|-damage|p2a: Blissey|28/100
|-damage|p2a: Blissey|18/100
|-damage|p2a: Blissey|5/100
|-damage|p2a: Blissey|0 fnt
|-hitcount|p2a: Blissey|4
|faint|p2a: Blissey
|
|t:|1728419882
|switch|p2a: Skarmory|Skarmory, F|100/100
|
|upkeep
|turn|7
|
|t:|1728419891
|switch|p1a: Zapdos|Zapdos|100/100
|move|p2a: Skarmory|Spikes|p1a: Zapdos
|-sidestart|p1: jeffoly|Spikes
|
|upkeep
|turn|8
|
|t:|1728419906
|move|p1a: Zapdos|Thunder Wave|p2a: Skarmory
|-status|p2a: Skarmory|par
|move|p2a: Skarmory|Spikes|p1a: Zapdos
|-sidestart|p1: jeffoly|Spikes
|
|upkeep
|turn|9
|
|t:|1728419915
|switch|p2a: Metagross|Metagross|100/100
|move|p1a: Zapdos|Thunderbolt|p2a: Metagross
|-damage|p2a: Metagross|44/100
|
|upkeep
|turn|10
|
|t:|1728419922
|move|p1a: Zapdos|Thunderbolt|p2a: Metagross
|-damage|p2a: Metagross|0 fnt
|faint|p2a: Metagross
|
|t:|1728419936
|switch|p2a: Salamence|Salamence, M|100/100
|-ability|p2a: Salamence|Intimidate|boost
|-unboost|p1a: Zapdos|atk|1
|
|upkeep
|turn|11
|
|t:|1728419940
|move|p1a: Zapdos|Thunder Wave|p2a: Salamence
|-status|p2a: Salamence|par
|cant|p2a: Salamence|par
|
|upkeep
|turn|12
|
|t:|1728419945
|move|p1a: Zapdos|Thunderbolt|p2a: Salamence
|-damage|p2a: Salamence|46/100 par
|cant|p2a: Salamence|par
|
|-heal|p2a: Salamence|52/100 par|[from] item: Leftovers
|upkeep
|turn|13
|
|t:|1728419952
|move|p1a: Zapdos|Thunderbolt|p2a: Salamence
|-damage|p2a: Salamence|0 fnt
|faint|p2a: Salamence
|
|t:|1728419959
|switch|p2a: Starmie|Starmie|100/100
|
|upkeep
|turn|14
|c|☆inkyno1|gg aha
|-message|inkyno1 forfeited.
|
|win|jeffoly
|c|☆jeffoly|gg!
|player|p1|

</script>
<script type="application/json" class="data" id="replaydata-smogtours-gen3ou-796484">
{"id":"smogtours-gen3ou-796484","format":"[Gen 3] OU","players":["jeffoly","inkyno1"],"uploadtime":1728419974,"views":91,"formatid":"gen3ou","rating":null,"private":0,"password":null}
</script>

<script defer src="js/replays.js?9d40a366"></script>
