<!DOCTYPE html>
<meta charset="utf-8" />
<meta name="viewport" content="width=device-width" />

<title>[Gen 3] OU: EG Sato vs. ShotoNC - Replays - Pok&eacute;mon Showdown!</title>

<meta name="description" content="Watch a replay of a Pok&eacute;mon battle between EG Sato and ShotoNC! Format: [Gen 3] OU; Date: Oct 27, 2024" />
<!--

Hey, you! Looking in the source for the replay log?

You can find them in JSON format, just add `.json` at the end of a replay URL.

https://replay.pokemonshowdown.com/gen7randomdoublesbattle-865046831.json

Or, if you only need the log itself, add `.log` instead:

https://replay.pokemonshowdown.com/gen7randomdoublesbattle-865046831.log

-->

<link rel="stylesheet" href="//pokemonshowdown.com/style/global.css?0.023195364461161105" />
<link rel="stylesheet" href="//play.pokemonshowdown.com/style/font-awesome.css?0.13261647063804238" />
<link rel="stylesheet" href="//play.pokemonshowdown.com/style/battle.css?0.8753245789963631" />
<link rel="stylesheet" href="//play.pokemonshowdown.com/style/utilichart.css?0.8627959624976733" />

<!-- Global site tag (gtag.js) - Google Analytics -->
<script async src="https://www.googletagmanager.com/gtag/js?id=UA-26211653-1"></script>
<script>
  window.dataLayer = window.dataLayer || [];
  function gtag(){dataLayer.push(arguments);}
  gtag('js', new Date());

  gtag('config', 'UA-26211653-1');
</script>
<!-- End Google Analytics -->
<!-- Venatus Ad Manager - Install in <HEAD> of page -->
	<script src="https://hb.vntsm.com/v3/live/ad-manager.min.js" type="text/javascript" data-site-id="642aba63ec9a7b11c3c9c1be" data-mode="scan" async></script>
<!-- / Venatus Ad Manager -->

<style>
	@media (max-width:820px) {
		.battle {
			margin: 0 auto;
		}
		.battle-log {
			margin: 7px auto 0;
			max-width: 640px;
			height: 300px;
			position: static;
		}
	}
	.optgroup {
		display: inline-block;
		line-height: 22px;
		font-size: 10pt;
	}
	.optgroup .button {
		height: 25px;
		padding-top: 0;
		padding-bottom: 0;
	}
	.optgroup button.button {
		padding-left: 12px;
		padding-right: 12px;
	}
	.linklist {
		list-style: none;
		margin: 0.5em 0;
		padding: 0;
	}
	.linklist li {
		padding: 2px 0;
	}
	.sidebar {
		float: left;
		width: 320px;
	}
	.bar-wrapper {
		max-width: 1100px;
		margin: 0 auto;
	}
	.bar-wrapper.has-sidebar {
		max-width: 1430px;
	}
	.mainbar {
		margin: 0;
		padding-right: 1px;
	}
	.mainbar.has-sidebar {
		margin-left: 330px;
	}
	@media (min-width: 1511px) {
		.sidebar {
			width: 400px;
		}
		.bar-wrapper.has-sidebar {
			max-width: 1510px;
		}
		.mainbar.has-sidebar {
			margin-left: 410px;
		}
	}
	.section.first-section {
		margin-top: 9px;
	}
	.blocklink small {
		white-space: normal;
	}
	.button {
		vertical-align: middle;
	}
	.replay-controls {
		padding-top: 10px;
	}
	.replay-controls h1 {
		font-size: 16pt;
		font-weight: normal;
		color: #CCC;
	}
	.pagelink {
		text-align: center;
	}
	.pagelink a {
		width: 150px;
	}
	.textbox, .button {
		font-size: 11pt;
		vertical-align: middle;
	}
	@media (max-width: 450px) {
		.button {
			font-size: 9pt;
		}
	}
</style>

<div>

	<header>
		<div class="nav-wrapper"><ul class="nav">
			<li><a class="button nav-first" href="//pokemonshowdown.com/"><img src="//pokemonshowdown.com/images/pokemonshowdownbeta.png" srcset="//pokemonshowdown.com/images/pokemonshowdownbeta.png 1x, //pokemonshowdown.com/images/pokemonshowdownbeta@2x.png 2x" alt="Pok&eacute;mon Showdown" width="146" height="44" /> Home</a></li>
			<li><a class="button" href="//pokemonshowdown.com/dex/">Pok&eacute;dex</a></li>
			<li><a class="button cur" href="/">Replays</a></li>
			<li><a class="button" href="//pokemonshowdown.com/ladder/">Ladder</a></li>
			<li><a class="button nav-last" href="//pokemonshowdown.com/forums/">Forum</a></li>
			<li><a class="button greenbutton nav-first nav-last" href="//play.pokemonshowdown.com/">Play</a></li>
		</ul></div>
	</header>

	<div class="main" id="main">

		<noscript><section class="section">You need to enable JavaScript to use this page; sorry!</section></noscript>

	</div>

</div>

<script defer nomodule src="//play.pokemonshowdown.com/js/lib/ps-polyfill.js"></script>
<script defer src="//play.pokemonshowdown.com/js/lib/preact.min.js"></script>

<script defer src="//play.pokemonshowdown.com/config/config.js?2bddbc15"></script>
<script defer src="//play.pokemonshowdown.com/js/lib/jquery-1.11.0.min.js"></script>
<script defer src="//play.pokemonshowdown.com/js/lib/html-sanitizer-minified.js"></script>
<script defer src="//play.pokemonshowdown.com/js/battle-sound.js"></script>
<script defer src="//play.pokemonshowdown.com/js/battledata.js?0.7209276989879541"></script>
<script defer src="//play.pokemonshowdown.com/data/pokedex-mini.js?0.6111056340867951"></script>
<script defer src="//play.pokemonshowdown.com/data/pokedex-mini-bw.js?0.3532142036491459"></script>
<script defer src="//play.pokemonshowdown.com/data/graphics.js?0.24223875632456182"></script>
<script defer src="//play.pokemonshowdown.com/data/pokedex.js?0.38839984266356864"></script>
<script defer src="//play.pokemonshowdown.com/data/moves.js?0.21866028504024015"></script>
<script defer src="//play.pokemonshowdown.com/data/abilities.js?0.2005157953846628"></script>
<script defer src="//play.pokemonshowdown.com/data/items.js?0.9894211263848525"></script>
<script defer src="//play.pokemonshowdown.com/data/teambuilder-tables.js?0.6008791140282215"></script>
<script defer src="//play.pokemonshowdown.com/js/battle-tooltips.js?0.7580118955022959"></script>
<script defer src="//play.pokemonshowdown.com/js/battle.js?0.6057722274234274"></script>

<script defer src="js/utils.js?e31f9a17"></script>
<script defer src="js/replays-battle.js?7008c182"></script>

<!-- don't scrape this data! just add .json or .log after the URL!
Full API docs: https://github.com/smogon/pokemon-showdown-client/blob/master/WEB-API.md -->
<script type="text/plain" class="log" id="replaylog-smogtours-gen3ou-802938">
|inactive|Battle timer is ON: inactive players will automatically lose when time's up.
|t:|1730071432
|gametype|singles
|player|p1|EG Sato|silver|
|player|p2|ShotoNC|benga|
|teamsize|p1|6
|teamsize|p2|6
|gen|3
|tier|[Gen 3] OU
|rule|Sleep Clause Mod: Limit one foe put to sleep
|rule|Switch Priority Clause Mod: Faster Pokémon switch first
|rule|Species Clause: Limit one of each Pokémon
|rule|OHKO Clause: OHKO moves are banned
|rule|Evasion Items Clause: Evasion items are banned
|rule|Evasion Moves Clause: Evasion moves are banned
|rule|Endless Battle Clause: Forcing endless battles is banned
|rule|HP Percentage Mod: HP is shown in percentages
|rule|One Boost Passer Clause: Limit one Baton Passer that has a way to boost its stats
|rule|Freeze Clause Mod: Limit one foe frozen
|
|t:|1730071432
|start
|switch|p1a: Snorlax|Snorlax, F|100/100
|switch|p2a: Zapdos|Zapdos|100/100
|turn|1
|inactive|EG Sato also wants the timer to be on.
|inactive|EG Sato has 270 seconds left.
|inactive|ShotoNC has 270 seconds left.
|
|t:|1730071464
|switch|p2a: Celebi|Celebi|100/100
|move|p1a: Snorlax|Shadow Ball|p2a: Celebi
|-supereffective|p2a: Celebi
|-damage|p2a: Celebi|59/100
|
|-heal|p2a: Celebi|65/100|[from] item: Leftovers
|upkeep
|turn|2
|
|t:|1730071474
|switch|p1a: Metagross|Metagross|100/100
|move|p2a: Celebi|Leech Seed|p1a: Metagross
|-start|p1a: Metagross|move: Leech Seed
|
|-heal|p2a: Celebi|71/100|[from] item: Leftovers
|-damage|p1a: Metagross|88/100|[from] Leech Seed|[of] p2a: Celebi
|-heal|p2a: Celebi|81/100|[silent]
|upkeep
|turn|3
|inactive|ShotoNC has 270 seconds left.
|
|t:|1730071506
|move|p2a: Celebi|Hidden Power|p1a: Metagross
|-supereffective|p1a: Metagross
|-damage|p1a: Metagross|35/100
|move|p1a: Metagross|Explosion|p2a: Celebi
|-damage|p2a: Celebi|0 fnt
|faint|p1a: Metagross
|faint|p2a: Celebi
|inactive|ShotoNC has 270 seconds left.
|
|t:|1730071533
|switch|p2a: Zapdos|Zapdos|100/100
|switch|p1a: Snorlax|Snorlax, F|100/100
|
|upkeep
|turn|4
|
|t:|1730071538
|move|p2a: Zapdos|Hidden Power|p1a: Snorlax
|-supereffective|p1a: Snorlax
|-damage|p1a: Snorlax|50/100
|move|p1a: Snorlax|Shadow Ball|p2a: Zapdos
|-damage|p2a: Zapdos|68/100
|
|upkeep
|turn|5
|inactive|ShotoNC has 270 seconds left.
|
|t:|1730071555
|switch|p1a: Suicune|Suicune|100/100
|move|p2a: Zapdos|Hidden Power|p1a: Suicune
|-damage|p1a: Suicune|73/100
|
|-heal|p1a: Suicune|79/100|[from] item: Leftovers
|upkeep
|turn|6
|
|t:|1730071563
|switch|p2a: Jirachi|Jirachi|100/100
|move|p1a: Suicune|Calm Mind|p1a: Suicune
|-boost|p1a: Suicune|spa|1
|-boost|p1a: Suicune|spd|1
|
|-heal|p1a: Suicune|85/100|[from] item: Leftovers
|upkeep
|turn|7
|inactive|ShotoNC has 270 seconds left.
|
|t:|1730071577
|move|p1a: Suicune|Hydro Pump|p2a: Jirachi
|-damage|p2a: Jirachi|40/100
|move|p2a: Jirachi|Calm Mind|p2a: Jirachi
|-boost|p2a: Jirachi|spa|1
|-boost|p2a: Jirachi|spd|1
|
|-heal|p1a: Suicune|91/100|[from] item: Leftovers
|-heal|p2a: Jirachi|47/100|[from] item: Leftovers
|upkeep
|turn|8
|inactive|ShotoNC has 270 seconds left.
|
|t:|1730071598
|move|p1a: Suicune|Calm Mind|p1a: Suicune
|-boost|p1a: Suicune|spa|1
|-boost|p1a: Suicune|spd|1
|move|p2a: Jirachi|Thunderbolt|p1a: Suicune
|-supereffective|p1a: Suicune
|-damage|p1a: Suicune|62/100
|
|-heal|p1a: Suicune|68/100|[from] item: Leftovers
|-heal|p2a: Jirachi|53/100|[from] item: Leftovers
|upkeep
|turn|9
|inactive|ShotoNC has 240 seconds left.
|
|t:|1730071635
|move|p1a: Suicune|Hydro Pump|p2a: Jirachi
|-damage|p2a: Jirachi|0 fnt
|faint|p2a: Jirachi
|
|t:|1730071643
|switch|p2a: Dugtrio|Dugtrio, M|100/100
|
|-heal|p1a: Suicune|74/100|[from] item: Leftovers
|upkeep
|turn|10
|inactive|ShotoNC has 240 seconds left.
|
|t:|1730071652
|move|p2a: Dugtrio|Earthquake|p1a: Suicune
|-damage|p1a: Suicune|27/100
|move|p1a: Suicune|Ice Beam|p2a: Dugtrio
|-supereffective|p2a: Dugtrio
|-damage|p2a: Dugtrio|0 fnt
|faint|p2a: Dugtrio
|inactive|ShotoNC has 240 seconds left.
|
|t:|1730071659
|switch|p2a: Zapdos|Zapdos|68/100
|
|-heal|p1a: Suicune|33/100|[from] item: Leftovers
|upkeep
|turn|11
|inactive|ShotoNC has 240 seconds left.
|
|t:|1730071671
|move|p2a: Zapdos|Drill Peck|p1a: Suicune
|-damage|p1a: Suicune|0 fnt
|faint|p1a: Suicune
|
|t:|1730071679
|switch|p1a: Tyranitar|Tyranitar, F|100/100
|-weather|Sandstorm|[from] ability: Sand Stream|[of] p1a: Tyranitar
|
|-weather|Sandstorm|[upkeep]
|-damage|p2a: Zapdos|62/100|[from] Sandstorm
|upkeep
|turn|12
|
|t:|1730071694
|switch|p2a: Claydol|Claydol|100/100
|move|p1a: Tyranitar|Dragon Dance|p1a: Tyranitar
|-boost|p1a: Tyranitar|atk|1
|-boost|p1a: Tyranitar|spe|1
|
|-weather|Sandstorm|[upkeep]
|upkeep
|turn|13
|
|t:|1730071705
|switch|p1a: Aerodactyl|Aerodactyl, M|100/100
|move|p2a: Claydol|Earthquake|p1a: Aerodactyl
|-immune|p1a: Aerodactyl
|
|-weather|Sandstorm|[upkeep]
|upkeep
|turn|14
|inactive|ShotoNC has 240 seconds left.
|
|t:|1730071721
|move|p1a: Aerodactyl|Double-Edge|p2a: Claydol
|-damage|p2a: Claydol|46/100
|move|p2a: Claydol|Earthquake|p1a: Aerodactyl
|-immune|p1a: Aerodactyl
|
|-weather|Sandstorm|[upkeep]
|-heal|p2a: Claydol|53/100|[from] item: Leftovers
|upkeep
|turn|15
|inactive|ShotoNC has 240 seconds left.
|
|t:|1730071757
|switch|p1a: Snorlax|Snorlax, F|50/100
|move|p2a: Claydol|Explosion|p1a: Snorlax
|-damage|p1a: Snorlax|0 fnt
|faint|p2a: Claydol
|faint|p1a: Snorlax
|
|t:|1730071765
|switch|p2a: Gengar|Gengar, M|100/100
|switch|p1a: Tyranitar|Tyranitar, F|100/100
|
|-weather|Sandstorm|[upkeep]
|-damage|p2a: Gengar|94/100|[from] Sandstorm
|-heal|p2a: Gengar|100/100|[from] item: Leftovers
|upkeep
|turn|16
|inactive|ShotoNC has 210 seconds left.
|
|t:|1730071796
|switch|p2a: Zapdos|Zapdos|62/100
|move|p1a: Tyranitar|Rock Slide|p2a: Zapdos
|-supereffective|p2a: Zapdos
|-damage|p2a: Zapdos|0 fnt
|faint|p2a: Zapdos
|-message|ShotoNC forfeited.
|
|win|EG Sato
|c|☆ShotoNC|gg
|c|☆EG Sato|/log EG Sato made the replay of this battle unlisted.
|c|☆EG Sato|gg

</script>
<script type="application/json" class="data" id="replaydata-smogtours-gen3ou-802938">
{"id":"smogtours-gen3ou-802938","format":"[Gen 3] OU","players":["EG Sato","ShotoNC"],"uploadtime":1730071803,"views":77,"formatid":"gen3ou","rating":null,"private":1,"password":null}
</script>

<script defer src="js/replays.js?9d40a366"></script>
