<!DOCTYPE html>
<meta charset="utf-8" />
<meta name="viewport" content="width=device-width" />

<title>[Gen 3] OU: swordpeacead vs. Bedal Roscoe - Replays - Pok&eacute;mon Showdown!</title>

<meta name="description" content="Watch a replay of a Pok&eacute;mon battle between swordpeacead and Bedal Roscoe! Format: [Gen 3] OU; Date: Oct 8, 2024" />
<!--

Hey, you! Looking in the source for the replay log?

You can find them in JSON format, just add `.json` at the end of a replay URL.

https://replay.pokemonshowdown.com/gen7randomdoublesbattle-865046831.json

Or, if you only need the log itself, add `.log` instead:

https://replay.pokemonshowdown.com/gen7randomdoublesbattle-865046831.log

-->

<link rel="stylesheet" href="//pokemonshowdown.com/style/global.css?0.023195364461161105" />
<link rel="stylesheet" href="//play.pokemonshowdown.com/style/font-awesome.css?0.13261647063804238" />
<link rel="stylesheet" href="//play.pokemonshowdown.com/style/battle.css?0.8753245789963631" />
<link rel="stylesheet" href="//play.pokemonshowdown.com/style/utilichart.css?0.8627959624976733" />

<!-- Global site tag (gtag.js) - Google Analytics -->
<script async src="https://www.googletagmanager.com/gtag/js?id=UA-26211653-1"></script>
<script>
  window.dataLayer = window.dataLayer || [];
  function gtag(){dataLayer.push(arguments);}
  gtag('js', new Date());

  gtag('config', 'UA-26211653-1');
</script>
<!-- End Google Analytics -->
<!-- Venatus Ad Manager - Install in <HEAD> of page -->
	<script src="https://hb.vntsm.com/v3/live/ad-manager.min.js" type="text/javascript" data-site-id="642aba63ec9a7b11c3c9c1be" data-mode="scan" async></script>
<!-- / Venatus Ad Manager -->

<style>
	@media (max-width:820px) {
		.battle {
			margin: 0 auto;
		}
		.battle-log {
			margin: 7px auto 0;
			max-width: 640px;
			height: 300px;
			position: static;
		}
	}
	.optgroup {
		display: inline-block;
		line-height: 22px;
		font-size: 10pt;
	}
	.optgroup .button {
		height: 25px;
		padding-top: 0;
		padding-bottom: 0;
	}
	.optgroup button.button {
		padding-left: 12px;
		padding-right: 12px;
	}
	.linklist {
		list-style: none;
		margin: 0.5em 0;
		padding: 0;
	}
	.linklist li {
		padding: 2px 0;
	}
	.sidebar {
		float: left;
		width: 320px;
	}
	.bar-wrapper {
		max-width: 1100px;
		margin: 0 auto;
	}
	.bar-wrapper.has-sidebar {
		max-width: 1430px;
	}
	.mainbar {
		margin: 0;
		padding-right: 1px;
	}
	.mainbar.has-sidebar {
		margin-left: 330px;
	}
	@media (min-width: 1511px) {
		.sidebar {
			width: 400px;
		}
		.bar-wrapper.has-sidebar {
			max-width: 1510px;
		}
		.mainbar.has-sidebar {
			margin-left: 410px;
		}
	}
	.section.first-section {
		margin-top: 9px;
	}
	.blocklink small {
		white-space: normal;
	}
	.button {
		vertical-align: middle;
	}
	.replay-controls {
		padding-top: 10px;
	}
	.replay-controls h1 {
		font-size: 16pt;
		font-weight: normal;
		color: #CCC;
	}
	.pagelink {
		text-align: center;
	}
	.pagelink a {
		width: 150px;
	}
	.textbox, .button {
		font-size: 11pt;
		vertical-align: middle;
	}
	@media (max-width: 450px) {
		.button {
			font-size: 9pt;
		}
	}
</style>

<div>

	<header>
		<div class="nav-wrapper"><ul class="nav">
			<li><a class="button nav-first" href="//pokemonshowdown.com/"><img src="//pokemonshowdown.com/images/pokemonshowdownbeta.png" srcset="//pokemonshowdown.com/images/pokemonshowdownbeta.png 1x, //pokemonshowdown.com/images/pokemonshowdownbeta@2x.png 2x" alt="Pok&eacute;mon Showdown" width="146" height="44" /> Home</a></li>
			<li><a class="button" href="//pokemonshowdown.com/dex/">Pok&eacute;dex</a></li>
			<li><a class="button cur" href="/">Replays</a></li>
			<li><a class="button" href="//pokemonshowdown.com/ladder/">Ladder</a></li>
			<li><a class="button nav-last" href="//pokemonshowdown.com/forums/">Forum</a></li>
			<li><a class="button greenbutton nav-first nav-last" href="//play.pokemonshowdown.com/">Play</a></li>
		</ul></div>
	</header>

	<div class="main" id="main">

		<noscript><section class="section">You need to enable JavaScript to use this page; sorry!</section></noscript>

	</div>

</div>

<script defer nomodule src="//play.pokemonshowdown.com/js/lib/ps-polyfill.js"></script>
<script defer src="//play.pokemonshowdown.com/js/lib/preact.min.js"></script>

<script defer src="//play.pokemonshowdown.com/config/config.js?2bddbc15"></script>
<script defer src="//play.pokemonshowdown.com/js/lib/jquery-1.11.0.min.js"></script>
<script defer src="//play.pokemonshowdown.com/js/lib/html-sanitizer-minified.js"></script>
<script defer src="//play.pokemonshowdown.com/js/battle-sound.js"></script>
<script defer src="//play.pokemonshowdown.com/js/battledata.js?0.7209276989879541"></script>
<script defer src="//play.pokemonshowdown.com/data/pokedex-mini.js?0.6111056340867951"></script>
<script defer src="//play.pokemonshowdown.com/data/pokedex-mini-bw.js?0.3532142036491459"></script>
<script defer src="//play.pokemonshowdown.com/data/graphics.js?0.24223875632456182"></script>
<script defer src="//play.pokemonshowdown.com/data/pokedex.js?0.38839984266356864"></script>
<script defer src="//play.pokemonshowdown.com/data/moves.js?0.21866028504024015"></script>
<script defer src="//play.pokemonshowdown.com/data/abilities.js?0.2005157953846628"></script>
<script defer src="//play.pokemonshowdown.com/data/items.js?0.9894211263848525"></script>
<script defer src="//play.pokemonshowdown.com/data/teambuilder-tables.js?0.6008791140282215"></script>
<script defer src="//play.pokemonshowdown.com/js/battle-tooltips.js?0.7580118955022959"></script>
<script defer src="//play.pokemonshowdown.com/js/battle.js?0.6057722274234274"></script>

<script defer src="js/utils.js?e31f9a17"></script>
<script defer src="js/replays-battle.js?7008c182"></script>

<!-- don't scrape this data! just add .json or .log after the URL!
Full API docs: https://github.com/smogon/pokemon-showdown-client/blob/master/WEB-API.md -->
<script type="text/plain" class="log" id="replaylog-smogtours-gen3ou-796449">
|inactive|Battle timer is ON: inactive players will automatically lose when time's up.
|t:|1728414803
|gametype|singles
|player|p1|swordpeacead|ethan|
|player|p2|Bedal Roscoe|sabrina-gen1|
|teamsize|p1|6
|teamsize|p2|6
|gen|3
|tier|[Gen 3] OU
|rule|Sleep Clause Mod: Limit one foe put to sleep
|rule|Switch Priority Clause Mod: Faster Pokémon switch first
|rule|Species Clause: Limit one of each Pokémon
|rule|OHKO Clause: OHKO moves are banned
|rule|Evasion Items Clause: Evasion items are banned
|rule|Evasion Moves Clause: Evasion moves are banned
|rule|Endless Battle Clause: Forcing endless battles is banned
|rule|HP Percentage Mod: HP is shown in percentages
|rule|One Boost Passer Clause: Limit one Baton Passer that has a way to boost its stats
|rule|Freeze Clause Mod: Limit one foe frozen
|
|t:|1728414803
|start
|switch|p1a: James Cool|Glalie, F|100/100
|switch|p2a: Zapdos|Zapdos|100/100
|turn|1
|c|☆Bedal Roscoe|glhf
|c|☆swordpeacead|You too, man
|inactive|Bedal Roscoe has 270 seconds left.
|
|t:|1728414834
|move|p2a: Zapdos|Thunderbolt|p1a: James Cool
|-damage|p1a: James Cool|48/100
|move|p1a: James Cool|Spikes|p2a: Zapdos
|-sidestart|p2: Bedal Roscoe|Spikes
|
|upkeep
|turn|2
|c|+Girls See Ghosts|LET'S GO BEDAL WOOOOOO
|inactive|Bedal Roscoe has 270 seconds left.
|
|t:|1728414868
|switch|p1a: Uh-Oh|Lanturn, F|100/100
|move|p2a: Zapdos|Thunderbolt|p1a: Uh-Oh
|-immune|p1a: Uh-Oh|[from] ability: Volt Absorb
|
|upkeep
|turn|3
|inactive|Bedal Roscoe has 270 seconds left.
|
|t:|1728414886
|switch|p2a: Blissey|Blissey, F|100/100
|-damage|p2a: Blissey|88/100|[from] Spikes
|move|p1a: Uh-Oh|Hydro Pump|p2a: Blissey
|-damage|p2a: Blissey|68/100
|
|-heal|p2a: Blissey|74/100|[from] item: Leftovers
|upkeep
|turn|4
|inactive|Bedal Roscoe has 270 seconds left.
|
|t:|1728414919
|switch|p1a: James Cool|Glalie, F|48/100
|switch|p2a: Swampert|Swampert, M|100/100
|-damage|p2a: Swampert|88/100|[from] Spikes
|
|-heal|p2a: Swampert|94/100|[from] item: Leftovers
|upkeep
|turn|5
|
|t:|1728414937
|move|p1a: James Cool|Spikes|p2a: Swampert
|-sidestart|p2: Bedal Roscoe|Spikes
|move|p2a: Swampert|Earthquake|p1a: James Cool
|-damage|p1a: James Cool|3/100
|
|-enditem|p1a: James Cool|Salac Berry|[eat]
|-boost|p1a: James Cool|spe|1|[from] item: Salac Berry
|-heal|p2a: Swampert|100/100|[from] item: Leftovers
|upkeep
|turn|6
|
|t:|1728414948
|move|p2a: Swampert|Protect|p2a: Swampert
|-singleturn|p2a: Swampert|Protect
|move|p1a: James Cool|Spikes|p2a: Swampert
|-sidestart|p2: Bedal Roscoe|Spikes
|
|upkeep
|turn|7
|
|t:|1728414954
|switch|p2a: Gengar|Gengar, M|100/100
|move|p1a: James Cool|Explosion|p2a: Gengar
|-immune|p2a: Gengar
|faint|p1a: James Cool
|
|t:|1728414969
|switch|p1a: Pointy Guy|Tyranitar, M|100/100
|-weather|Sandstorm|[from] ability: Sand Stream|[of] p1a: Pointy Guy
|
|-weather|Sandstorm|[upkeep]
|-damage|p2a: Gengar|94/100|[from] Sandstorm
|-heal|p2a: Gengar|100/100|[from] item: Leftovers
|upkeep
|turn|8
|inactive|Bedal Roscoe has 270 seconds left.
|
|t:|1728414985
|move|p2a: Gengar|Hidden Power|p1a: Pointy Guy
|-supereffective|p1a: Pointy Guy
|-damage|p1a: Pointy Guy|48/100
|move|p1a: Pointy Guy|Dragon Dance|p1a: Pointy Guy
|-boost|p1a: Pointy Guy|atk|1
|-boost|p1a: Pointy Guy|spe|1
|
|-weather|Sandstorm|[upkeep]
|-damage|p2a: Gengar|94/100|[from] Sandstorm
|-heal|p2a: Gengar|100/100|[from] item: Leftovers
|upkeep
|turn|9
|inactive|Bedal Roscoe has 270 seconds left.
|
|t:|1728415025
|switch|p2a: Swampert|Swampert, M|100/100
|-damage|p2a: Swampert|76/100|[from] Spikes
|move|p1a: Pointy Guy|Rock Slide|p2a: Swampert
|-resisted|p2a: Swampert
|-damage|p2a: Swampert|55/100
|
|-weather|Sandstorm|[upkeep]
|-heal|p2a: Swampert|61/100|[from] item: Leftovers
|upkeep
|turn|10
|inactive|swordpeacead has 270 seconds left.
|inactive|swordpeacead has 240 seconds left.
|
|t:|1728415087
|move|p1a: Pointy Guy|Earthquake|p2a: Swampert
|-damage|p2a: Swampert|25/100
|move|p2a: Swampert|Earthquake|p1a: Pointy Guy
|-supereffective|p1a: Pointy Guy
|-damage|p1a: Pointy Guy|0 fnt
|faint|p1a: Pointy Guy
|inactive|swordpeacead has 210 seconds left.
|
|t:|1728415126
|switch|p1a: Boo|Gengar, F|100/100
|
|-weather|Sandstorm|[upkeep]
|-damage|p1a: Boo|94/100|[from] Sandstorm
|-heal|p1a: Boo|100/100|[from] item: Leftovers
|-heal|p2a: Swampert|31/100|[from] item: Leftovers
|upkeep
|turn|11
|
|t:|1728415140
|move|p1a: Boo|Giga Drain|p2a: Swampert
|-supereffective|p2a: Swampert
|-damage|p2a: Swampert|0 fnt
|faint|p2a: Swampert
|
|t:|1728415147
|switch|p2a: Blissey|Blissey, F|74/100
|-damage|p2a: Blissey|49/100|[from] Spikes
|
|-weather|Sandstorm|[upkeep]
|-damage|p1a: Boo|94/100|[from] Sandstorm
|-damage|p2a: Blissey|43/100|[from] Sandstorm
|-heal|p1a: Boo|100/100|[from] item: Leftovers
|-heal|p2a: Blissey|49/100|[from] item: Leftovers
|upkeep
|turn|12
|inactive|swordpeacead has 210 seconds left.
|
|t:|1728415177
|switch|p1a: Wings|Aerodactyl, F|100/100
|move|p2a: Blissey|Soft-Boiled|p2a: Blissey
|-heal|p2a: Blissey|99/100
|
|-weather|Sandstorm|[upkeep]
|-damage|p2a: Blissey|93/100|[from] Sandstorm
|-heal|p2a: Blissey|99/100|[from] item: Leftovers
|upkeep
|turn|13
|inactive|swordpeacead has 210 seconds left.
|
|t:|1728415196
|switch|p1a: Boo|Gengar, F|100/100
|move|p2a: Blissey|Ice Beam|p1a: Boo
|-damage|p1a: Boo|73/100
|
|-weather|Sandstorm|[upkeep]
|-damage|p1a: Boo|66/100|[from] Sandstorm
|-damage|p2a: Blissey|93/100|[from] Sandstorm
|-heal|p1a: Boo|73/100|[from] item: Leftovers
|-heal|p2a: Blissey|99/100|[from] item: Leftovers
|upkeep
|turn|14
|inactive|swordpeacead has 210 seconds left.
|
|t:|1728415216
|move|p1a: Boo|Ice Punch|p2a: Blissey
|-damage|p2a: Blissey|90/100
|move|p2a: Blissey|Ice Beam|p1a: Boo
|-damage|p1a: Boo|44/100
|
|-weather|Sandstorm|[upkeep]
|-damage|p1a: Boo|37/100|[from] Sandstorm
|-damage|p2a: Blissey|84/100|[from] Sandstorm
|-heal|p1a: Boo|44/100|[from] item: Leftovers
|-heal|p2a: Blissey|90/100|[from] item: Leftovers
|upkeep
|turn|15
|
|t:|1728415222
|move|p1a: Boo|Explosion|p2a: Blissey
|-damage|p2a: Blissey|20/100
|faint|p1a: Boo
|inactive|swordpeacead has 210 seconds left.
|inactive|swordpeacead has 180 seconds left.
|
|t:|1728415276
|switch|p1a: Wings|Aerodactyl, F|100/100
|
|-weather|Sandstorm|[upkeep]
|-damage|p2a: Blissey|14/100|[from] Sandstorm
|-heal|p2a: Blissey|20/100|[from] item: Leftovers
|upkeep
|turn|16
|
|t:|1728415288
|move|p1a: Wings|Rock Slide|p2a: Blissey
|-damage|p2a: Blissey|0 fnt
|faint|p2a: Blissey
|
|t:|1728415293
|switch|p2a: Skarmory|Skarmory, M|100/100
|
|-weather|Sandstorm|[upkeep]
|upkeep
|turn|17
|inactive|swordpeacead has 180 seconds left.
|inactive|Bedal Roscoe has 270 seconds left.
|
|t:|1728415306
|switch|p1a: Purple Flurp|Starmie|100/100
|move|p2a: Skarmory|Spikes|p1a: Purple Flurp
|-sidestart|p1: swordpeacead|Spikes
|
|-weather|Sandstorm|[upkeep]
|-damage|p1a: Purple Flurp|94/100|[from] Sandstorm
|-heal|p1a: Purple Flurp|100/100|[from] item: Leftovers
|upkeep
|turn|18
|inactive|swordpeacead has 180 seconds left.
|inactive|Bedal Roscoe has 270 seconds left.
|
|t:|1728415326
|move|p1a: Purple Flurp|Ice Beam|p2a: Skarmory
|-damage|p2a: Skarmory|76/100
|move|p2a: Skarmory|Toxic|p1a: Purple Flurp
|-status|p1a: Purple Flurp|tox
|
|-weather|Sandstorm|[upkeep]
|-damage|p1a: Purple Flurp|94/100 tox|[from] Sandstorm
|-heal|p1a: Purple Flurp|100/100 tox|[from] item: Leftovers
|-damage|p1a: Purple Flurp|94/100 tox|[from] psn
|-heal|p2a: Skarmory|82/100|[from] item: Leftovers
|upkeep
|turn|19
|inactive|swordpeacead has 180 seconds left.
|
|t:|1728415345
|move|p1a: Purple Flurp|Thunderbolt|p2a: Skarmory
|-supereffective|p2a: Skarmory
|-damage|p2a: Skarmory|27/100
|move|p2a: Skarmory|Spikes|p1a: Purple Flurp
|-sidestart|p1: swordpeacead|Spikes
|
|-weather|Sandstorm|[upkeep]
|-damage|p1a: Purple Flurp|88/100 tox|[from] Sandstorm
|-heal|p1a: Purple Flurp|94/100 tox|[from] item: Leftovers
|-damage|p1a: Purple Flurp|82/100 tox|[from] psn
|-heal|p2a: Skarmory|33/100|[from] item: Leftovers
|upkeep
|turn|20
|inactive|swordpeacead has 180 seconds left.
|
|t:|1728415375
|move|p2a: Skarmory|Protect|p2a: Skarmory
|-singleturn|p2a: Skarmory|Protect
|move|p1a: Purple Flurp|Thunderbolt|p2a: Skarmory
|-activate|p2a: Skarmory|Protect
|
|-weather|Sandstorm|[upkeep]
|-damage|p1a: Purple Flurp|76/100 tox|[from] Sandstorm
|-heal|p1a: Purple Flurp|82/100 tox|[from] item: Leftovers
|-damage|p1a: Purple Flurp|64/100 tox|[from] psn
|-heal|p2a: Skarmory|39/100|[from] item: Leftovers
|upkeep
|turn|21
|
|t:|1728415396
|move|p1a: Purple Flurp|Thunderbolt|p2a: Skarmory
|-supereffective|p2a: Skarmory
|-damage|p2a: Skarmory|0 fnt
|faint|p2a: Skarmory
|inactive|Bedal Roscoe has 240 seconds left.
|
|t:|1728415409
|switch|p2a: Zapdos|Zapdos|100/100
|
|-weather|Sandstorm|[upkeep]
|-damage|p1a: Purple Flurp|58/100 tox|[from] Sandstorm
|-damage|p2a: Zapdos|94/100|[from] Sandstorm
|-heal|p1a: Purple Flurp|64/100 tox|[from] item: Leftovers
|-damage|p1a: Purple Flurp|39/100 tox|[from] psn
|-heal|p2a: Zapdos|100/100|[from] item: Leftovers
|upkeep
|turn|22
|inactive|Bedal Roscoe has 240 seconds left.
|inactive|swordpeacead has 150 seconds left.
|
|t:|1728415458
|move|p1a: Purple Flurp|Ice Beam|p2a: Zapdos
|-supereffective|p2a: Zapdos
|-damage|p2a: Zapdos|41/100
|move|p2a: Zapdos|Hidden Power|p1a: Purple Flurp
|-supereffective|p1a: Purple Flurp
|-damage|p1a: Purple Flurp|0 fnt
|faint|p1a: Purple Flurp
|
|t:|1728415464
|switch|p1a: Wings|Aerodactyl, F|100/100
|
|-weather|Sandstorm|[upkeep]
|-damage|p2a: Zapdos|35/100|[from] Sandstorm
|-heal|p2a: Zapdos|41/100|[from] item: Leftovers
|upkeep
|turn|23
|
|t:|1728415472
|move|p1a: Wings|Rock Slide|p2a: Zapdos
|-supereffective|p2a: Zapdos
|-damage|p2a: Zapdos|0 fnt
|faint|p2a: Zapdos
|
|t:|1728415475
|switch|p2a: Tyranitar|Tyranitar, M|100/100
|-damage|p2a: Tyranitar|76/100|[from] Spikes
|
|-weather|Sandstorm|[upkeep]
|upkeep
|turn|24
|inactive|swordpeacead has 150 seconds left.
|
|t:|1728415499
|move|p1a: Wings|Substitute|p1a: Wings
|-start|p1a: Wings|Substitute
|-damage|p1a: Wings|76/100
|move|p2a: Tyranitar|Dragon Dance|p2a: Tyranitar
|-boost|p2a: Tyranitar|atk|1
|-boost|p2a: Tyranitar|spe|1
|
|-weather|Sandstorm|[upkeep]
|upkeep
|turn|25
|inactive|Bedal Roscoe has 240 seconds left.
|
|t:|1728415542
|move|p1a: Wings|Earthquake|p2a: Tyranitar
|-supereffective|p2a: Tyranitar
|-damage|p2a: Tyranitar|26/100
|move|p2a: Tyranitar|Rock Slide|p1a: Wings|[miss]
|-miss|p2a: Tyranitar|p1a: Wings
|
|-weather|Sandstorm|[upkeep]
|upkeep
|turn|26
|
|t:|1728415558
|move|p1a: Wings|Earthquake|p2a: Tyranitar
|-supereffective|p2a: Tyranitar
|-damage|p2a: Tyranitar|0 fnt
|faint|p2a: Tyranitar
|
|t:|1728415562
|switch|p2a: Gengar|Gengar, M|100/100
|
|-weather|Sandstorm|[upkeep]
|-damage|p2a: Gengar|94/100|[from] Sandstorm
|-heal|p2a: Gengar|100/100|[from] item: Leftovers
|upkeep
|turn|27
|
|t:|1728415578
|move|p1a: Wings|Rock Slide|p2a: Gengar
|-damage|p2a: Gengar|30/100
|cant|p2a: Gengar|flinch
|
|-weather|Sandstorm|[upkeep]
|-damage|p2a: Gengar|24/100|[from] Sandstorm
|-heal|p2a: Gengar|30/100|[from] item: Leftovers
|upkeep
|turn|28
|c|☆swordpeacead|sry
|
|t:|1728415589
|move|p1a: Wings|Rock Slide|p2a: Gengar
|-crit|p2a: Gengar
|-damage|p2a: Gengar|0 fnt
|faint|p2a: Gengar
|
|win|swordpeacead

</script>
<script type="application/json" class="data" id="replaydata-smogtours-gen3ou-796449">
{"id":"smogtours-gen3ou-796449","format":"[Gen 3] OU","players":["swordpeacead","Bedal Roscoe"],"uploadtime":1728415589,"views":95,"formatid":"gen3ou","rating":null,"private":0,"password":null}
</script>

<script defer src="js/replays.js?9d40a366"></script>
