<!DOCTYPE html>
<meta charset="utf-8" />
<meta name="viewport" content="width=device-width" />

<title>[Gen 3] OU: Leeto64 vs. grandparoshi - Replays - Pok&eacute;mon Showdown!</title>

<meta name="description" content="Watch a replay of a Pok&eacute;mon battle between Leeto64 and grandparoshi! Format: [Gen 3] OU; Date: Oct 16, 2024" />
<!--

Hey, you! Looking in the source for the replay log?

You can find them in JSON format, just add `.json` at the end of a replay URL.

https://replay.pokemonshowdown.com/gen7randomdoublesbattle-865046831.json

Or, if you only need the log itself, add `.log` instead:

https://replay.pokemonshowdown.com/gen7randomdoublesbattle-865046831.log

-->

<link rel="stylesheet" href="//pokemonshowdown.com/style/global.css?0.023195364461161105" />
<link rel="stylesheet" href="//play.pokemonshowdown.com/style/font-awesome.css?0.13261647063804238" />
<link rel="stylesheet" href="//play.pokemonshowdown.com/style/battle.css?0.8753245789963631" />
<link rel="stylesheet" href="//play.pokemonshowdown.com/style/utilichart.css?0.8627959624976733" />

<!-- Global site tag (gtag.js) - Google Analytics -->
<script async src="https://www.googletagmanager.com/gtag/js?id=UA-26211653-1"></script>
<script>
  window.dataLayer = window.dataLayer || [];
  function gtag(){dataLayer.push(arguments);}
  gtag('js', new Date());

  gtag('config', 'UA-26211653-1');
</script>
<!-- End Google Analytics -->
<!-- Venatus Ad Manager - Install in <HEAD> of page -->
	<script src="https://hb.vntsm.com/v3/live/ad-manager.min.js" type="text/javascript" data-site-id="642aba63ec9a7b11c3c9c1be" data-mode="scan" async></script>
<!-- / Venatus Ad Manager -->

<style>
	@media (max-width:820px) {
		.battle {
			margin: 0 auto;
		}
		.battle-log {
			margin: 7px auto 0;
			max-width: 640px;
			height: 300px;
			position: static;
		}
	}
	.optgroup {
		display: inline-block;
		line-height: 22px;
		font-size: 10pt;
	}
	.optgroup .button {
		height: 25px;
		padding-top: 0;
		padding-bottom: 0;
	}
	.optgroup button.button {
		padding-left: 12px;
		padding-right: 12px;
	}
	.linklist {
		list-style: none;
		margin: 0.5em 0;
		padding: 0;
	}
	.linklist li {
		padding: 2px 0;
	}
	.sidebar {
		float: left;
		width: 320px;
	}
	.bar-wrapper {
		max-width: 1100px;
		margin: 0 auto;
	}
	.bar-wrapper.has-sidebar {
		max-width: 1430px;
	}
	.mainbar {
		margin: 0;
		padding-right: 1px;
	}
	.mainbar.has-sidebar {
		margin-left: 330px;
	}
	@media (min-width: 1511px) {
		.sidebar {
			width: 400px;
		}
		.bar-wrapper.has-sidebar {
			max-width: 1510px;
		}
		.mainbar.has-sidebar {
			margin-left: 410px;
		}
	}
	.section.first-section {
		margin-top: 9px;
	}
	.blocklink small {
		white-space: normal;
	}
	.button {
		vertical-align: middle;
	}
	.replay-controls {
		padding-top: 10px;
	}
	.replay-controls h1 {
		font-size: 16pt;
		font-weight: normal;
		color: #CCC;
	}
	.pagelink {
		text-align: center;
	}
	.pagelink a {
		width: 150px;
	}
	.textbox, .button {
		font-size: 11pt;
		vertical-align: middle;
	}
	@media (max-width: 450px) {
		.button {
			font-size: 9pt;
		}
	}
</style>

<div>

	<header>
		<div class="nav-wrapper"><ul class="nav">
			<li><a class="button nav-first" href="//pokemonshowdown.com/"><img src="//pokemonshowdown.com/images/pokemonshowdownbeta.png" srcset="//pokemonshowdown.com/images/pokemonshowdownbeta.png 1x, //pokemonshowdown.com/images/pokemonshowdownbeta@2x.png 2x" alt="Pok&eacute;mon Showdown" width="146" height="44" /> Home</a></li>
			<li><a class="button" href="//pokemonshowdown.com/dex/">Pok&eacute;dex</a></li>
			<li><a class="button cur" href="/">Replays</a></li>
			<li><a class="button" href="//pokemonshowdown.com/ladder/">Ladder</a></li>
			<li><a class="button nav-last" href="//pokemonshowdown.com/forums/">Forum</a></li>
			<li><a class="button greenbutton nav-first nav-last" href="//play.pokemonshowdown.com/">Play</a></li>
		</ul></div>
	</header>

	<div class="main" id="main">

		<noscript><section class="section">You need to enable JavaScript to use this page; sorry!</section></noscript>

	</div>

</div>

<script defer nomodule src="//play.pokemonshowdown.com/js/lib/ps-polyfill.js"></script>
<script defer src="//play.pokemonshowdown.com/js/lib/preact.min.js"></script>

<script defer src="//play.pokemonshowdown.com/config/config.js?2bddbc15"></script>
<script defer src="//play.pokemonshowdown.com/js/lib/jquery-1.11.0.min.js"></script>
<script defer src="//play.pokemonshowdown.com/js/lib/html-sanitizer-minified.js"></script>
<script defer src="//play.pokemonshowdown.com/js/battle-sound.js"></script>
<script defer src="//play.pokemonshowdown.com/js/battledata.js?0.7209276989879541"></script>
<script defer src="//play.pokemonshowdown.com/data/pokedex-mini.js?0.6111056340867951"></script>
<script defer src="//play.pokemonshowdown.com/data/pokedex-mini-bw.js?0.3532142036491459"></script>
<script defer src="//play.pokemonshowdown.com/data/graphics.js?0.24223875632456182"></script>
<script defer src="//play.pokemonshowdown.com/data/pokedex.js?0.38839984266356864"></script>
<script defer src="//play.pokemonshowdown.com/data/moves.js?0.21866028504024015"></script>
<script defer src="//play.pokemonshowdown.com/data/abilities.js?0.2005157953846628"></script>
<script defer src="//play.pokemonshowdown.com/data/items.js?0.9894211263848525"></script>
<script defer src="//play.pokemonshowdown.com/data/teambuilder-tables.js?0.6008791140282215"></script>
<script defer src="//play.pokemonshowdown.com/js/battle-tooltips.js?0.7580118955022959"></script>
<script defer src="//play.pokemonshowdown.com/js/battle.js?0.6057722274234274"></script>

<script defer src="js/utils.js?e31f9a17"></script>
<script defer src="js/replays-battle.js?7008c182"></script>

<!-- don't scrape this data! just add .json or .log after the URL!
Full API docs: https://github.com/smogon/pokemon-showdown-client/blob/master/WEB-API.md -->
<script type="text/plain" class="log" id="replaylog-smogtours-gen3ou-799078">
|inactive|Battle timer is ON: inactive players will automatically lose when time's up.
|t:|1729037992
|gametype|singles
|player|p1|Leeto64|supernerd|
|player|p2|grandparoshi|170|
|teamsize|p1|6
|teamsize|p2|6
|gen|3
|tier|[Gen 3] OU
|rule|Sleep Clause Mod: Limit one foe put to sleep
|rule|Switch Priority Clause Mod: Faster Pokémon switch first
|rule|Species Clause: Limit one of each Pokémon
|rule|OHKO Clause: OHKO moves are banned
|rule|Evasion Items Clause: Evasion items are banned
|rule|Evasion Moves Clause: Evasion moves are banned
|rule|Endless Battle Clause: Forcing endless battles is banned
|rule|HP Percentage Mod: HP is shown in percentages
|rule|One Boost Passer Clause: Limit one Baton Passer that has a way to boost its stats
|rule|Freeze Clause Mod: Limit one foe frozen
|
|t:|1729037992
|start
|switch|p1a: Boris|Dodrio, M|100/100
|switch|p2a: Skarmory|Skarmory, M|100/100
|turn|1
|c|☆Leeto64|glhf -w-
|
|t:|1729038009
|move|p1a: Boris|Baton Pass|p1a: Boris
|
|t:|1729038011
|switch|p1a: Magneton|Magneton|100/100|[from] Baton Pass
|move|p2a: Skarmory|Toxic|p1a: Magneton
|-immune|p1a: Magneton
|
|upkeep
|turn|2
|c|☆grandparoshi|ditto :3
|
|t:|1729038020
|move|p1a: Magneton|Thunderbolt|p2a: Skarmory
|-supereffective|p2a: Skarmory
|-damage|p2a: Skarmory|4/100
|move|p2a: Skarmory|Roar|p1a: Magneton
|drag|p1a: Picasso|Milotic, M, shiny|100/100
|
|-heal|p2a: Skarmory|10/100|[from] item: Leftovers
|upkeep
|turn|3
|inactive|grandparoshi has 270 seconds left.
|
|t:|1729038069
|move|p2a: Skarmory|Protect|p2a: Skarmory
|-singleturn|p2a: Skarmory|Protect
|move|p1a: Picasso|Surf|p2a: Skarmory
|-activate|p2a: Skarmory|Protect
|
|-heal|p2a: Skarmory|16/100|[from] item: Leftovers
|upkeep
|turn|4
|inactive|grandparoshi has 240 seconds left.
|
|t:|1729038102
|switch|p2a: Starmie|Starmie|100/100
|move|p1a: Picasso|Toxic|p2a: Starmie
|-status|p2a: Starmie|tox
|
|-damage|p2a: Starmie|94/100 tox|[from] psn
|upkeep
|turn|5
|inactive|grandparoshi has 240 seconds left.
|
|t:|1729038113
|-curestatus|p2a: Starmie|tox|[from] ability: Natural Cure
|switch|p2a: Jolteon|Jolteon, F|100/100
|switch|p1a: Magneton|Magneton|100/100
|
|upkeep
|turn|6
|inactive|grandparoshi has 240 seconds left.
|inactive|grandparoshi has 210 seconds left.
|
|t:|1729038156
|switch|p2a: Metagross|Metagross|100/100
|move|p1a: Magneton|Toxic|p2a: Metagross
|-immune|p2a: Metagross
|
|upkeep
|turn|7
|inactive|grandparoshi has 210 seconds left.
|
|t:|1729038171
|move|p1a: Magneton|Hidden Power|p2a: Metagross
|-supereffective|p2a: Metagross
|-damage|p2a: Metagross|45/100
|move|p2a: Metagross|Rock Slide|p1a: Magneton
|-resisted|p1a: Magneton
|-damage|p1a: Magneton|71/100
|
|upkeep
|turn|8
|
|t:|1729038195
|move|p1a: Magneton|Hidden Power|p2a: Metagross
|-supereffective|p2a: Metagross
|-damage|p2a: Metagross|0 fnt
|faint|p2a: Metagross
|
|t:|1729038208
|switch|p2a: Gengar|Gengar, M|100/100
|
|upkeep
|turn|9
|
|t:|1729038228
|move|p1a: Magneton|Protect|p1a: Magneton
|-singleturn|p1a: Magneton|Protect
|move|p2a: Gengar|Fire Punch|p1a: Magneton
|-activate|p1a: Magneton|Protect
|
|upkeep
|turn|10
|inactive|grandparoshi has 180 seconds left.
|inactive|grandparoshi has 150 seconds left.
|
|t:|1729038300
|move|p2a: Gengar|Fire Punch|p1a: Magneton
|-supereffective|p1a: Magneton
|-damage|p1a: Magneton|0 fnt
|faint|p1a: Magneton
|
|t:|1729038309
|switch|p1a: Aerodactyl|Aerodactyl, F, shiny|100/100
|
|upkeep
|turn|11
|inactive|grandparoshi has 120 seconds left.
|inactive|grandparoshi has 90 seconds left.
|
|t:|1729038374
|move|p1a: Aerodactyl|Substitute|p1a: Aerodactyl
|-start|p1a: Aerodactyl|Substitute
|-damage|p1a: Aerodactyl|75/100
|move|p2a: Gengar|Ice Punch|p1a: Aerodactyl
|-supereffective|p1a: Aerodactyl
|-end|p1a: Aerodactyl|Substitute
|
|upkeep
|turn|12
|
|t:|1729038381
|switch|p1a: Picasso|Milotic, M, shiny|100/100
|move|p2a: Gengar|Ice Punch|p1a: Picasso
|-resisted|p1a: Picasso
|-damage|p1a: Picasso|92/100
|
|-heal|p1a: Picasso|98/100|[from] item: Leftovers
|upkeep
|turn|13
|inactive|grandparoshi has 90 seconds left.
|
|t:|1729038388
|move|p2a: Gengar|Hidden Power|p1a: Picasso
|-supereffective|p1a: Picasso
|-crit|p1a: Picasso
|-damage|p1a: Picasso|22/100
|move|p1a: Picasso|Surf|p2a: Gengar
|-damage|p2a: Gengar|44/100
|
|-heal|p2a: Gengar|50/100|[from] item: Leftovers
|-heal|p1a: Picasso|28/100|[from] item: Leftovers
|upkeep
|turn|14
|inactive|grandparoshi has 90 seconds left.
|
|t:|1729038420
|move|p2a: Gengar|Hidden Power|p1a: Picasso
|-supereffective|p1a: Picasso
|-damage|p1a: Picasso|0 fnt
|faint|p1a: Picasso
|
|t:|1729038424
|switch|p1a: Aerodactyl|Aerodactyl, F, shiny|75/100
|
|-heal|p2a: Gengar|56/100|[from] item: Leftovers
|upkeep
|turn|15
|inactive|grandparoshi has 60 seconds left.
|inactive|grandparoshi has 30 seconds left.
|inactive|grandparoshi has 20 seconds left.
|
|t:|1729038492
|move|p1a: Aerodactyl|Rock Slide|p2a: Gengar
|-damage|p2a: Gengar|0 fnt
|faint|p2a: Gengar
|inactive|grandparoshi has 25 seconds left this turn.
|inactive|grandparoshi has 20 seconds left.
|inactive|grandparoshi has 15 seconds left.
|
|t:|1729038503
|switch|p2a: Jolteon|Jolteon, F|100/100
|
|upkeep
|turn|16
|inactive|grandparoshi has 25 seconds left this turn.
|
|t:|1729038507
|switch|p1a: Celebi|Celebi|100/100
|move|p2a: Jolteon|Thunderbolt|p1a: Celebi
|-resisted|p1a: Celebi
|-damage|p1a: Celebi|84/100
|
|-heal|p1a: Celebi|91/100|[from] item: Leftovers
|upkeep
|turn|17
|inactive|grandparoshi has 30 seconds left.
|
|t:|1729038528
|move|p2a: Jolteon|Baton Pass|p2a: Jolteon
|inactive|grandparoshi has 30 seconds left this turn.
|
|t:|1729038532
|switch|p2a: Skarmory|Skarmory, M|16/100|[from] Baton Pass
|move|p1a: Celebi|Swords Dance|p1a: Celebi
|-boost|p1a: Celebi|atk|2
|
|-heal|p1a: Celebi|97/100|[from] item: Leftovers
|-heal|p2a: Skarmory|22/100|[from] item: Leftovers
|upkeep
|turn|18
|inactive|grandparoshi has 30 seconds left.
|
|t:|1729038544
|move|p1a: Celebi|Leech Seed|p2a: Skarmory
|-start|p2a: Skarmory|move: Leech Seed
|move|p2a: Skarmory|Roar|p1a: Celebi
|drag|p1a: Ms. Margaret|Metagross|100/100
|
|-heal|p2a: Skarmory|28/100|[from] item: Leftovers
|-damage|p2a: Skarmory|16/100|[from] Leech Seed|[of] p1a: Ms. Margaret
|upkeep
|turn|19
|inactive|grandparoshi has 30 seconds left.
|inactive|grandparoshi has 20 seconds left.
|
|t:|1729038568
|move|p2a: Skarmory|Protect|p2a: Skarmory
|-singleturn|p2a: Skarmory|Protect
|move|p1a: Ms. Margaret|Meteor Mash|p2a: Skarmory
|-activate|p2a: Skarmory|Protect
|
|-heal|p2a: Skarmory|22/100|[from] item: Leftovers
|-damage|p2a: Skarmory|10/100|[from] Leech Seed|[of] p1a: Ms. Margaret
|upkeep
|turn|20
|inactive|grandparoshi has 30 seconds left this turn.
|inactive|grandparoshi has 20 seconds left.
|
|t:|1729038579
|move|p1a: Ms. Margaret|Meteor Mash|p2a: Skarmory
|-resisted|p2a: Skarmory
|-damage|p2a: Skarmory|0 fnt
|-boost|p1a: Ms. Margaret|atk|1
|faint|p2a: Skarmory
|inactive|grandparoshi has 25 seconds left this turn.
|inactive|grandparoshi has 20 seconds left.
|inactive|grandparoshi has 15 seconds left.
|inactive|grandparoshi has 10 seconds left.
|
|t:|1729038595
|switch|p2a: Tyranitar|Tyranitar, M|100/100
|-weather|Sandstorm|[from] ability: Sand Stream|[of] p2a: Tyranitar
|
|-weather|Sandstorm|[upkeep]
|upkeep
|turn|21
|inactive|grandparoshi has 20 seconds left this turn.
|inactive|grandparoshi has 15 seconds left.
|
|t:|1729038605
|move|p1a: Ms. Margaret|Meteor Mash|p2a: Tyranitar
|-supereffective|p2a: Tyranitar
|-damage|p2a: Tyranitar|0 fnt
|faint|p2a: Tyranitar
|inactive|grandparoshi has 20 seconds left this turn.
|inactive|grandparoshi has 15 seconds left.
|inactive|grandparoshi has 10 seconds left.
|
|t:|1729038616
|switch|p2a: Jolteon|Jolteon, F|100/100
|
|-weather|Sandstorm|[upkeep]
|-damage|p2a: Jolteon|94/100|[from] Sandstorm
|-heal|p2a: Jolteon|100/100|[from] item: Leftovers
|upkeep
|turn|22
|inactive|grandparoshi has 20 seconds left this turn.
|inactive|grandparoshi has 15 seconds left.
|
|t:|1729038622
|move|p2a: Jolteon|Thunder Wave|p1a: Ms. Margaret
|-status|p1a: Ms. Margaret|par
|move|p1a: Ms. Margaret|Earthquake|p2a: Jolteon
|-supereffective|p2a: Jolteon
|-damage|p2a: Jolteon|0 fnt
|faint|p2a: Jolteon
|inactive|grandparoshi has 20 seconds left this turn.
|inactive|grandparoshi has 15 seconds left.
|
|t:|1729038629
|switch|p2a: Starmie|Starmie|94/100
|
|-weather|Sandstorm|[upkeep]
|-damage|p2a: Starmie|88/100|[from] Sandstorm
|-heal|p2a: Starmie|94/100|[from] item: Leftovers
|upkeep
|turn|23
|inactive|grandparoshi has 25 seconds left this turn.
|c|☆Leeto64|gg wp
|inactive|grandparoshi has 20 seconds left.
|inactive|grandparoshi has 15 seconds left.
|
|t:|1729038640
|move|p2a: Starmie|Hydro Pump|p1a: Ms. Margaret
|-damage|p1a: Ms. Margaret|51/100 par
|cant|p1a: Ms. Margaret|par
|
|-weather|Sandstorm|[upkeep]
|-damage|p2a: Starmie|88/100|[from] Sandstorm
|-heal|p2a: Starmie|94/100|[from] item: Leftovers
|-heal|p1a: Ms. Margaret|57/100 par|[from] item: Leftovers
|upkeep
|turn|24
|inactive|grandparoshi has 25 seconds left this turn.
|inactive|grandparoshi has 20 seconds left.
|
|t:|1729038648
|cant|p1a: Ms. Margaret|par
|move|p2a: Starmie|Hydro Pump|p1a: Ms. Margaret|[miss]
|-miss|p2a: Starmie|p1a: Ms. Margaret
|
|-weather|Sandstorm|[upkeep]
|-damage|p2a: Starmie|88/100|[from] Sandstorm
|-heal|p2a: Starmie|94/100|[from] item: Leftovers
|-heal|p1a: Ms. Margaret|63/100 par|[from] item: Leftovers
|upkeep
|turn|25
|inactive|grandparoshi has 30 seconds left this turn.
|
|t:|1729038658
|move|p1a: Ms. Margaret|Protect|p1a: Ms. Margaret
|-singleturn|p1a: Ms. Margaret|Protect
|move|p2a: Starmie|Hydro Pump|p1a: Ms. Margaret
|-activate|p1a: Ms. Margaret|Protect
|
|-weather|Sandstorm|[upkeep]
|-damage|p2a: Starmie|88/100|[from] Sandstorm
|-heal|p2a: Starmie|94/100|[from] item: Leftovers
|-heal|p1a: Ms. Margaret|69/100 par|[from] item: Leftovers
|upkeep
|turn|26
|inactive|grandparoshi has 30 seconds left.
|
|t:|1729038667
|move|p2a: Starmie|Hydro Pump|p1a: Ms. Margaret|[miss]
|-miss|p2a: Starmie|p1a: Ms. Margaret
|move|p1a: Ms. Margaret|Explosion|p2a: Starmie
|-damage|p2a: Starmie|0 fnt
|faint|p1a: Ms. Margaret
|faint|p2a: Starmie
|
|win|Leeto64
|c|☆grandparoshi|gg
|c|☆Leeto64|gg
|player|p2|

</script>
<script type="application/json" class="data" id="replaydata-smogtours-gen3ou-799078">
{"id":"smogtours-gen3ou-799078","format":"[Gen 3] OU","players":["Leeto64","grandparoshi"],"uploadtime":1729038667,"views":89,"formatid":"gen3ou","rating":null,"private":0,"password":null}
</script>

<script defer src="js/replays.js?9d40a366"></script>
