<!DOCTYPE html>
<meta charset="utf-8" />
<meta name="viewport" content="width=device-width" />

<title>[Gen 3] OU: COB 8 vs. pslmrt_ochs - Replays - Pok&eacute;mon Showdown!</title>

<meta name="description" content="Watch a replay of a Pok&eacute;mon battle between COB 8 and pslmrt_ochs! Format: [Gen 3] OU; Date: Oct 5, 2024" />
<!--

Hey, you! Looking in the source for the replay log?

You can find them in JSON format, just add `.json` at the end of a replay URL.

https://replay.pokemonshowdown.com/gen7randomdoublesbattle-865046831.json

Or, if you only need the log itself, add `.log` instead:

https://replay.pokemonshowdown.com/gen7randomdoublesbattle-865046831.log

-->

<link rel="stylesheet" href="//pokemonshowdown.com/style/global.css?0.023195364461161105" />
<link rel="stylesheet" href="//play.pokemonshowdown.com/style/font-awesome.css?0.13261647063804238" />
<link rel="stylesheet" href="//play.pokemonshowdown.com/style/battle.css?0.8753245789963631" />
<link rel="stylesheet" href="//play.pokemonshowdown.com/style/utilichart.css?0.8627959624976733" />

<!-- Global site tag (gtag.js) - Google Analytics -->
<script async src="https://www.googletagmanager.com/gtag/js?id=UA-26211653-1"></script>
<script>
  window.dataLayer = window.dataLayer || [];
  function gtag(){dataLayer.push(arguments);}
  gtag('js', new Date());

  gtag('config', 'UA-26211653-1');
</script>
<!-- End Google Analytics -->
<!-- Venatus Ad Manager - Install in <HEAD> of page -->
	<script src="https://hb.vntsm.com/v3/live/ad-manager.min.js" type="text/javascript" data-site-id="642aba63ec9a7b11c3c9c1be" data-mode="scan" async></script>
<!-- / Venatus Ad Manager -->

<style>
	@media (max-width:820px) {
		.battle {
			margin: 0 auto;
		}
		.battle-log {
			margin: 7px auto 0;
			max-width: 640px;
			height: 300px;
			position: static;
		}
	}
	.optgroup {
		display: inline-block;
		line-height: 22px;
		font-size: 10pt;
	}
	.optgroup .button {
		height: 25px;
		padding-top: 0;
		padding-bottom: 0;
	}
	.optgroup button.button {
		padding-left: 12px;
		padding-right: 12px;
	}
	.linklist {
		list-style: none;
		margin: 0.5em 0;
		padding: 0;
	}
	.linklist li {
		padding: 2px 0;
	}
	.sidebar {
		float: left;
		width: 320px;
	}
	.bar-wrapper {
		max-width: 1100px;
		margin: 0 auto;
	}
	.bar-wrapper.has-sidebar {
		max-width: 1430px;
	}
	.mainbar {
		margin: 0;
		padding-right: 1px;
	}
	.mainbar.has-sidebar {
		margin-left: 330px;
	}
	@media (min-width: 1511px) {
		.sidebar {
			width: 400px;
		}
		.bar-wrapper.has-sidebar {
			max-width: 1510px;
		}
		.mainbar.has-sidebar {
			margin-left: 410px;
		}
	}
	.section.first-section {
		margin-top: 9px;
	}
	.blocklink small {
		white-space: normal;
	}
	.button {
		vertical-align: middle;
	}
	.replay-controls {
		padding-top: 10px;
	}
	.replay-controls h1 {
		font-size: 16pt;
		font-weight: normal;
		color: #CCC;
	}
	.pagelink {
		text-align: center;
	}
	.pagelink a {
		width: 150px;
	}
	.textbox, .button {
		font-size: 11pt;
		vertical-align: middle;
	}
	@media (max-width: 450px) {
		.button {
			font-size: 9pt;
		}
	}
</style>

<div>

	<header>
		<div class="nav-wrapper"><ul class="nav">
			<li><a class="button nav-first" href="//pokemonshowdown.com/"><img src="//pokemonshowdown.com/images/pokemonshowdownbeta.png" srcset="//pokemonshowdown.com/images/pokemonshowdownbeta.png 1x, //pokemonshowdown.com/images/pokemonshowdownbeta@2x.png 2x" alt="Pok&eacute;mon Showdown" width="146" height="44" /> Home</a></li>
			<li><a class="button" href="//pokemonshowdown.com/dex/">Pok&eacute;dex</a></li>
			<li><a class="button cur" href="/">Replays</a></li>
			<li><a class="button" href="//pokemonshowdown.com/ladder/">Ladder</a></li>
			<li><a class="button nav-last" href="//pokemonshowdown.com/forums/">Forum</a></li>
			<li><a class="button greenbutton nav-first nav-last" href="//play.pokemonshowdown.com/">Play</a></li>
		</ul></div>
	</header>

	<div class="main" id="main">

		<noscript><section class="section">You need to enable JavaScript to use this page; sorry!</section></noscript>

	</div>

</div>

<script defer nomodule src="//play.pokemonshowdown.com/js/lib/ps-polyfill.js"></script>
<script defer src="//play.pokemonshowdown.com/js/lib/preact.min.js"></script>

<script defer src="//play.pokemonshowdown.com/config/config.js?2bddbc15"></script>
<script defer src="//play.pokemonshowdown.com/js/lib/jquery-1.11.0.min.js"></script>
<script defer src="//play.pokemonshowdown.com/js/lib/html-sanitizer-minified.js"></script>
<script defer src="//play.pokemonshowdown.com/js/battle-sound.js"></script>
<script defer src="//play.pokemonshowdown.com/js/battledata.js?0.7209276989879541"></script>
<script defer src="//play.pokemonshowdown.com/data/pokedex-mini.js?0.6111056340867951"></script>
<script defer src="//play.pokemonshowdown.com/data/pokedex-mini-bw.js?0.3532142036491459"></script>
<script defer src="//play.pokemonshowdown.com/data/graphics.js?0.24223875632456182"></script>
<script defer src="//play.pokemonshowdown.com/data/pokedex.js?0.38839984266356864"></script>
<script defer src="//play.pokemonshowdown.com/data/moves.js?0.21866028504024015"></script>
<script defer src="//play.pokemonshowdown.com/data/abilities.js?0.2005157953846628"></script>
<script defer src="//play.pokemonshowdown.com/data/items.js?0.9894211263848525"></script>
<script defer src="//play.pokemonshowdown.com/data/teambuilder-tables.js?0.6008791140282215"></script>
<script defer src="//play.pokemonshowdown.com/js/battle-tooltips.js?0.7580118955022959"></script>
<script defer src="//play.pokemonshowdown.com/js/battle.js?0.6057722274234274"></script>

<script defer src="js/utils.js?e31f9a17"></script>
<script defer src="js/replays-battle.js?7008c182"></script>

<!-- don't scrape this data! just add .json or .log after the URL!
Full API docs: https://github.com/smogon/pokemon-showdown-client/blob/master/WEB-API.md -->
<script type="text/plain" class="log" id="replaylog-smogtours-gen3ou-794795">
|inactive|Battle timer is ON: inactive players will automatically lose when time's up.
|t:|1728089755
|gametype|singles
|player|p1|COB 8|miku-water|
|player|p2|pslmrt_ochs|170|
|teamsize|p1|6
|teamsize|p2|6
|gen|3
|tier|[Gen 3] OU
|rule|Sleep Clause Mod: Limit one foe put to sleep
|rule|Switch Priority Clause Mod: Faster Pokémon switch first
|rule|Species Clause: Limit one of each Pokémon
|rule|OHKO Clause: OHKO moves are banned
|rule|Evasion Items Clause: Evasion items are banned
|rule|Evasion Moves Clause: Evasion moves are banned
|rule|Endless Battle Clause: Forcing endless battles is banned
|rule|HP Percentage Mod: HP is shown in percentages
|rule|One Boost Passer Clause: Limit one Baton Passer that has a way to boost its stats
|rule|Freeze Clause Mod: Limit one foe frozen
|
|t:|1728089755
|start
|switch|p1a: Suicune|Suicune|100/100
|switch|p2a: Medicham|Medicham, M|100/100
|turn|1
|
|t:|1728089773
|-singleturn|p2a: Medicham|move: Focus Punch
|move|p1a: Suicune|Hydro Pump|p2a: Medicham
|-damage|p2a: Medicham|16/100
|move|p2a: Medicham|Focus Punch||[still]
|cant|p2a: Medicham|Focus Punch|Focus Punch
|
|-enditem|p2a: Medicham|Salac Berry|[eat]
|-boost|p2a: Medicham|spe|1|[from] item: Salac Berry
|upkeep
|turn|2
|
|t:|1728089792
|move|p2a: Medicham|Brick Break|p1a: Suicune
|-damage|p1a: Suicune|63/100
|move|p1a: Suicune|Ice Beam|p2a: Medicham
|-damage|p2a: Medicham|0 fnt
|faint|p2a: Medicham
|
|t:|1728089804
|switch|p2a: Snorlax|Snorlax, M|100/100
|
|-heal|p1a: Suicune|69/100|[from] item: Leftovers
|upkeep
|turn|3
|
|t:|1728089821
|move|p1a: Suicune|Calm Mind|p1a: Suicune
|-boost|p1a: Suicune|spa|1
|-boost|p1a: Suicune|spd|1
|move|p2a: Snorlax|Self-Destruct|p1a: Suicune
|-damage|p1a: Suicune|0 fnt
|faint|p2a: Snorlax
|faint|p1a: Suicune
|
|t:|1728089835
|switch|p1a: Salamence|Salamence, F|100/100
|switch|p2a: Salamence|Salamence, F|100/100
|-ability|p1a: Salamence|Intimidate|boost
|-unboost|p2a: Salamence|atk|1
|-ability|p2a: Salamence|Intimidate|boost
|-unboost|p1a: Salamence|atk|1
|
|upkeep
|turn|4
|inactive|pslmrt_ochs has 270 seconds left.
|
|t:|1728089867
|switch|p1a: Snorlax|Snorlax, M|100/100
|switch|p2a: Suicune|Suicune|100/100
|
|upkeep
|turn|5
|
|t:|1728089881
|move|p2a: Suicune|Surf|p1a: Snorlax
|-damage|p1a: Snorlax|79/100
|move|p1a: Snorlax|Body Slam|p2a: Suicune
|-damage|p2a: Suicune|69/100
|
|-heal|p2a: Suicune|75/100|[from] item: Leftovers
|-heal|p1a: Snorlax|85/100|[from] item: Leftovers
|upkeep
|turn|6
|inactive|pslmrt_ochs has 240 seconds left.
|
|t:|1728089919
|switch|p2a: Magneton|Magneton|100/100
|move|p1a: Snorlax|Body Slam|p2a: Magneton
|-resisted|p2a: Magneton
|-damage|p2a: Magneton|67/100
|
|-heal|p1a: Snorlax|91/100|[from] item: Leftovers
|upkeep
|turn|7
|
|t:|1728089932
|move|p2a: Magneton|Toxic|p1a: Snorlax
|-immune|p1a: Snorlax|[from] ability: Immunity
|move|p1a: Snorlax|Earthquake|p2a: Magneton
|-supereffective|p2a: Magneton
|-damage|p2a: Magneton|0 fnt
|faint|p2a: Magneton
|
|t:|1728089953
|switch|p2a: Salamence|Salamence, F|100/100
|-ability|p2a: Salamence|Intimidate|boost
|-unboost|p1a: Snorlax|atk|1
|
|-heal|p1a: Snorlax|97/100|[from] item: Leftovers
|upkeep
|turn|8
|
|t:|1728089967
|move|p2a: Salamence|Dragon Dance|p2a: Salamence
|-boost|p2a: Salamence|atk|1
|-boost|p2a: Salamence|spe|1
|move|p1a: Snorlax|Body Slam|p2a: Salamence
|-damage|p2a: Salamence|65/100
|-status|p2a: Salamence|par
|
|-heal|p2a: Salamence|71/100 par|[from] item: Leftovers
|-heal|p1a: Snorlax|100/100|[from] item: Leftovers
|upkeep
|turn|9
|
|t:|1728089977
|move|p2a: Salamence|Earthquake|p1a: Snorlax
|-damage|p1a: Snorlax|49/100
|move|p1a: Snorlax|Self-Destruct|p2a: Salamence
|-damage|p2a: Salamence|0 fnt
|faint|p1a: Snorlax
|faint|p2a: Salamence
|
|t:|1728089984
|switch|p2a: Suicune|Suicune|75/100
|switch|p1a: Magneton|Magneton|100/100
|
|-heal|p2a: Suicune|82/100|[from] item: Leftovers
|upkeep
|turn|10
|
|t:|1728089995
|move|p1a: Magneton|Thunderbolt|p2a: Suicune
|-supereffective|p2a: Suicune
|-damage|p2a: Suicune|16/100
|-status|p2a: Suicune|par
|move|p2a: Suicune|Surf|p1a: Magneton
|-damage|p1a: Magneton|36/100
|
|-heal|p2a: Suicune|22/100 par|[from] item: Leftovers
|upkeep
|turn|11
|
|t:|1728090005
|move|p1a: Magneton|Thunderbolt|p2a: Suicune
|-supereffective|p2a: Suicune
|-damage|p2a: Suicune|0 fnt
|faint|p2a: Suicune
|
|t:|1728090009
|switch|p2a: Metagross|Metagross|100/100
|
|upkeep
|turn|12
|
|t:|1728090013
|move|p1a: Magneton|Thunder Wave|p2a: Metagross
|-status|p2a: Metagross|par
|move|p2a: Metagross|Agility|p2a: Metagross
|-boost|p2a: Metagross|spe|2
|
|upkeep
|turn|13
|
|t:|1728090020
|move|p1a: Magneton|Hidden Power|p2a: Metagross
|-supereffective|p2a: Metagross
|-damage|p2a: Metagross|53/100 par
|move|p2a: Metagross|Agility|p2a: Metagross
|-boost|p2a: Metagross|spe|2
|
|-heal|p2a: Metagross|59/100 par|[from] item: Leftovers
|upkeep
|turn|14
|
|t:|1728090032
|move|p1a: Magneton|Hidden Power|p2a: Metagross
|-supereffective|p2a: Metagross
|-damage|p2a: Metagross|12/100 par
|move|p2a: Metagross|Earthquake|p1a: Magneton
|-supereffective|p1a: Magneton
|-damage|p1a: Magneton|0 fnt
|faint|p1a: Magneton
|
|t:|1728090038
|switch|p1a: Metagross|Metagross|100/100
|
|-heal|p2a: Metagross|18/100 par|[from] item: Leftovers
|upkeep
|turn|15
|
|t:|1728090042
|move|p1a: Metagross|Earthquake|p2a: Metagross
|-supereffective|p2a: Metagross
|-damage|p2a: Metagross|0 fnt
|faint|p2a: Metagross
|
|win|COB 8
|c|☆COB 8|gg

</script>
<script type="application/json" class="data" id="replaydata-smogtours-gen3ou-794795">
{"id":"smogtours-gen3ou-794795","format":"[Gen 3] OU","players":["COB 8","pslmrt_ochs"],"uploadtime":1728090042,"views":83,"formatid":"gen3ou","rating":null,"private":0,"password":null}
</script>

<script defer src="js/replays.js?9d40a366"></script>
