<!DOCTYPE html>
<meta charset="utf-8" />
<meta name="viewport" content="width=device-width" />

<title>[Gen 3] OU: pea-kah vs. dadaasdcfaw - Replays - Pok&eacute;mon Showdown!</title>

<meta name="description" content="Watch a replay of a Pok&eacute;mon battle between pea-kah and dadaasdcfaw! Format: [Gen 3] OU; Date: Oct 12, 2024" />
<!--

Hey, you! Looking in the source for the replay log?

You can find them in JSON format, just add `.json` at the end of a replay URL.

https://replay.pokemonshowdown.com/gen7randomdoublesbattle-865046831.json

Or, if you only need the log itself, add `.log` instead:

https://replay.pokemonshowdown.com/gen7randomdoublesbattle-865046831.log

-->

<link rel="stylesheet" href="//pokemonshowdown.com/style/global.css?0.023195364461161105" />
<link rel="stylesheet" href="//play.pokemonshowdown.com/style/font-awesome.css?0.13261647063804238" />
<link rel="stylesheet" href="//play.pokemonshowdown.com/style/battle.css?0.8753245789963631" />
<link rel="stylesheet" href="//play.pokemonshowdown.com/style/utilichart.css?0.8627959624976733" />

<!-- Global site tag (gtag.js) - Google Analytics -->
<script async src="https://www.googletagmanager.com/gtag/js?id=UA-26211653-1"></script>
<script>
  window.dataLayer = window.dataLayer || [];
  function gtag(){dataLayer.push(arguments);}
  gtag('js', new Date());

  gtag('config', 'UA-26211653-1');
</script>
<!-- End Google Analytics -->
<!-- Venatus Ad Manager - Install in <HEAD> of page -->
	<script src="https://hb.vntsm.com/v3/live/ad-manager.min.js" type="text/javascript" data-site-id="642aba63ec9a7b11c3c9c1be" data-mode="scan" async></script>
<!-- / Venatus Ad Manager -->

<style>
	@media (max-width:820px) {
		.battle {
			margin: 0 auto;
		}
		.battle-log {
			margin: 7px auto 0;
			max-width: 640px;
			height: 300px;
			position: static;
		}
	}
	.optgroup {
		display: inline-block;
		line-height: 22px;
		font-size: 10pt;
	}
	.optgroup .button {
		height: 25px;
		padding-top: 0;
		padding-bottom: 0;
	}
	.optgroup button.button {
		padding-left: 12px;
		padding-right: 12px;
	}
	.linklist {
		list-style: none;
		margin: 0.5em 0;
		padding: 0;
	}
	.linklist li {
		padding: 2px 0;
	}
	.sidebar {
		float: left;
		width: 320px;
	}
	.bar-wrapper {
		max-width: 1100px;
		margin: 0 auto;
	}
	.bar-wrapper.has-sidebar {
		max-width: 1430px;
	}
	.mainbar {
		margin: 0;
		padding-right: 1px;
	}
	.mainbar.has-sidebar {
		margin-left: 330px;
	}
	@media (min-width: 1511px) {
		.sidebar {
			width: 400px;
		}
		.bar-wrapper.has-sidebar {
			max-width: 1510px;
		}
		.mainbar.has-sidebar {
			margin-left: 410px;
		}
	}
	.section.first-section {
		margin-top: 9px;
	}
	.blocklink small {
		white-space: normal;
	}
	.button {
		vertical-align: middle;
	}
	.replay-controls {
		padding-top: 10px;
	}
	.replay-controls h1 {
		font-size: 16pt;
		font-weight: normal;
		color: #CCC;
	}
	.pagelink {
		text-align: center;
	}
	.pagelink a {
		width: 150px;
	}
	.textbox, .button {
		font-size: 11pt;
		vertical-align: middle;
	}
	@media (max-width: 450px) {
		.button {
			font-size: 9pt;
		}
	}
</style>

<div>

	<header>
		<div class="nav-wrapper"><ul class="nav">
			<li><a class="button nav-first" href="//pokemonshowdown.com/"><img src="//pokemonshowdown.com/images/pokemonshowdownbeta.png" srcset="//pokemonshowdown.com/images/pokemonshowdownbeta.png 1x, //pokemonshowdown.com/images/pokemonshowdownbeta@2x.png 2x" alt="Pok&eacute;mon Showdown" width="146" height="44" /> Home</a></li>
			<li><a class="button" href="//pokemonshowdown.com/dex/">Pok&eacute;dex</a></li>
			<li><a class="button cur" href="/">Replays</a></li>
			<li><a class="button" href="//pokemonshowdown.com/ladder/">Ladder</a></li>
			<li><a class="button nav-last" href="//pokemonshowdown.com/forums/">Forum</a></li>
			<li><a class="button greenbutton nav-first nav-last" href="//play.pokemonshowdown.com/">Play</a></li>
		</ul></div>
	</header>

	<div class="main" id="main">

		<noscript><section class="section">You need to enable JavaScript to use this page; sorry!</section></noscript>

	</div>

</div>

<script defer nomodule src="//play.pokemonshowdown.com/js/lib/ps-polyfill.js"></script>
<script defer src="//play.pokemonshowdown.com/js/lib/preact.min.js"></script>

<script defer src="//play.pokemonshowdown.com/config/config.js?2bddbc15"></script>
<script defer src="//play.pokemonshowdown.com/js/lib/jquery-1.11.0.min.js"></script>
<script defer src="//play.pokemonshowdown.com/js/lib/html-sanitizer-minified.js"></script>
<script defer src="//play.pokemonshowdown.com/js/battle-sound.js"></script>
<script defer src="//play.pokemonshowdown.com/js/battledata.js?0.7209276989879541"></script>
<script defer src="//play.pokemonshowdown.com/data/pokedex-mini.js?0.6111056340867951"></script>
<script defer src="//play.pokemonshowdown.com/data/pokedex-mini-bw.js?0.3532142036491459"></script>
<script defer src="//play.pokemonshowdown.com/data/graphics.js?0.24223875632456182"></script>
<script defer src="//play.pokemonshowdown.com/data/pokedex.js?0.38839984266356864"></script>
<script defer src="//play.pokemonshowdown.com/data/moves.js?0.21866028504024015"></script>
<script defer src="//play.pokemonshowdown.com/data/abilities.js?0.2005157953846628"></script>
<script defer src="//play.pokemonshowdown.com/data/items.js?0.9894211263848525"></script>
<script defer src="//play.pokemonshowdown.com/data/teambuilder-tables.js?0.6008791140282215"></script>
<script defer src="//play.pokemonshowdown.com/js/battle-tooltips.js?0.7580118955022959"></script>
<script defer src="//play.pokemonshowdown.com/js/battle.js?0.6057722274234274"></script>

<script defer src="js/utils.js?e31f9a17"></script>
<script defer src="js/replays-battle.js?7008c182"></script>

<!-- don't scrape this data! just add .json or .log after the URL!
Full API docs: https://github.com/smogon/pokemon-showdown-client/blob/master/WEB-API.md -->
<script type="text/plain" class="log" id="replaylog-smogtours-gen3ou-797610">
|inactive|Battle timer is ON: inactive players will automatically lose when time's up.
|t:|1728753971
|gametype|singles
|player|p1|pea-kah|2|
|player|p2|dadaasdcfaw|1|
|teamsize|p1|6
|teamsize|p2|6
|gen|3
|tier|[Gen 3] OU
|rule|Sleep Clause Mod: Limit one foe put to sleep
|rule|Switch Priority Clause Mod: Faster Pokémon switch first
|rule|Species Clause: Limit one of each Pokémon
|rule|OHKO Clause: OHKO moves are banned
|rule|Evasion Items Clause: Evasion items are banned
|rule|Evasion Moves Clause: Evasion moves are banned
|rule|Endless Battle Clause: Forcing endless battles is banned
|rule|HP Percentage Mod: HP is shown in percentages
|rule|One Boost Passer Clause: Limit one Baton Passer that has a way to boost its stats
|rule|Freeze Clause Mod: Limit one foe frozen
|
|t:|1728753971
|start
|switch|p1a: Hercules|Heracross, M, shiny|100/100
|switch|p2a: Jynx|Jynx, F|100/100
|turn|1
|
|t:|1728753985
|move|p2a: Jynx|Lovely Kiss|p1a: Hercules
|-status|p1a: Hercules|slp|[from] move: Lovely Kiss
|cant|p1a: Hercules|slp
|
|upkeep
|turn|2
|
|t:|1728754002
|switch|p2a: Dugtrio|Dugtrio, M|100/100
|switch|p1a: Embargo|Snorlax, F, shiny|100/100
|
|upkeep
|turn|3
|
|t:|1728754016
|switch|p2a: Metagross|Metagross|100/100
|move|p1a: Embargo|Body Slam|p2a: Metagross
|-resisted|p2a: Metagross
|-damage|p2a: Metagross|88/100
|
|upkeep
|turn|4
|
|t:|1728754027
|switch|p1a: Houdini|Gengar, F, shiny|100/100
|move|p2a: Metagross|Meteor Mash|p1a: Houdini
|-damage|p1a: Houdini|0 fnt
|faint|p1a: Houdini
|
|t:|1728754033
|switch|p1a: Banana|Milotic, F, shiny|100/100
|
|upkeep
|turn|5
|
|t:|1728754050
|move|p1a: Banana|Surf|p2a: Metagross
|-damage|p2a: Metagross|55/100
|move|p2a: Metagross|Agility|p2a: Metagross
|-boost|p2a: Metagross|spe|2
|
|upkeep
|turn|6
|
|t:|1728754058
|move|p2a: Metagross|Explosion|p1a: Banana
|-damage|p1a: Banana|0 fnt
|faint|p2a: Metagross
|faint|p1a: Banana
|
|t:|1728754069
|switch|p1a: Hercules|Heracross, M, shiny|100/100 slp
|switch|p2a: Blaziken|Blaziken, M|100/100
|
|upkeep
|turn|7
|
|t:|1728754075
|switch|p1a: Embargo|Snorlax, F, shiny|100/100
|move|p2a: Blaziken|Substitute|p2a: Blaziken
|-start|p2a: Blaziken|Substitute
|-damage|p2a: Blaziken|76/100
|
|-heal|p2a: Blaziken|82/100|[from] item: Leftovers
|upkeep
|turn|8
|
|t:|1728754079
|move|p2a: Blaziken|Sky Uppercut|p1a: Embargo
|-supereffective|p1a: Embargo
|-damage|p1a: Embargo|45/100
|move|p1a: Embargo|Body Slam|p2a: Blaziken
|-crit|p2a: Blaziken
|-end|p2a: Blaziken|Substitute
|
|-heal|p2a: Blaziken|88/100|[from] item: Leftovers
|-heal|p1a: Embargo|51/100|[from] item: Leftovers
|upkeep
|turn|9
|
|t:|1728754086
|switch|p1a: Hercules|Heracross, M, shiny|100/100 slp
|move|p2a: Blaziken|Sky Uppercut|p1a: Hercules
|-resisted|p1a: Hercules
|-damage|p1a: Hercules|77/100 slp
|
|-heal|p2a: Blaziken|94/100|[from] item: Leftovers
|upkeep
|turn|10
|
|t:|1728754092
|-curestatus|p1a: Hercules|slp|[msg]
|move|p1a: Hercules|Rock Slide|p2a: Blaziken
|-damage|p2a: Blaziken|31/100
|cant|p2a: Blaziken|flinch
|
|-heal|p2a: Blaziken|37/100|[from] item: Leftovers
|upkeep
|turn|11
|
|t:|1728754099
|move|p1a: Hercules|Rock Slide|p2a: Blaziken|[miss]
|-miss|p1a: Hercules|p2a: Blaziken
|move|p2a: Blaziken|Fire Blast|p1a: Hercules
|-supereffective|p1a: Hercules
|-damage|p1a: Hercules|0 fnt
|faint|p1a: Hercules
|
|t:|1728754107
|switch|p1a: Maximus|Metagross, shiny|100/100
|
|-heal|p2a: Blaziken|43/100|[from] item: Leftovers
|upkeep
|turn|12
|
|t:|1728754112
|move|p2a: Blaziken|Fire Blast|p1a: Maximus
|-supereffective|p1a: Maximus
|-damage|p1a: Maximus|0 fnt
|faint|p1a: Maximus
|
|t:|1728754117
|switch|p1a: Embargo|Snorlax, F, shiny|51/100
|
|-heal|p2a: Blaziken|50/100|[from] item: Leftovers
|-heal|p1a: Embargo|57/100|[from] item: Leftovers
|upkeep
|turn|13
|c|☆pea-kah|haha v quick outcomes
|c|☆pea-kah|ggs
|inactive|dadaasdcfaw has 270 seconds left.
|
|t:|1728754172
|move|p2a: Blaziken|Sky Uppercut|p1a: Embargo
|-supereffective|p1a: Embargo
|-damage|p1a: Embargo|6/100
|move|p1a: Embargo|Body Slam|p2a: Blaziken
|-damage|p2a: Blaziken|0 fnt
|faint|p2a: Blaziken
|
|t:|1728754179
|switch|p2a: Magneton|Magneton|100/100
|
|-heal|p1a: Embargo|12/100|[from] item: Leftovers
|upkeep
|turn|14
|
|t:|1728754184
|move|p2a: Magneton|Thunderbolt|p1a: Embargo
|-damage|p1a: Embargo|0 fnt
|faint|p1a: Embargo
|
|t:|1728754188
|switch|p1a: Cosmo|Magneton, shiny|100/100
|
|upkeep
|turn|15
|
|t:|1728754194
|move|p1a: Cosmo|Hidden Power|p2a: Magneton
|-supereffective|p2a: Magneton
|-crit|p2a: Magneton
|-damage|p2a: Magneton|0 fnt
|faint|p2a: Magneton
|
|t:|1728754197
|switch|p2a: Dugtrio|Dugtrio, M|100/100
|
|upkeep
|turn|16
|
|t:|1728754200
|move|p2a: Dugtrio|Earthquake|p1a: Cosmo
|-supereffective|p1a: Cosmo
|-damage|p1a: Cosmo|0 fnt
|faint|p1a: Cosmo
|
|win|dadaasdcfaw
|c|☆dadaasdcfaw|gg wp man
|c|☆pea-kah|best of luck with the rest of the tourni dude ggs
|c|☆pea-kah|caught me slacking game 3
|c|☆pea-kah|wp
|c|☆dadaasdcfaw|same man

</script>
<script type="application/json" class="data" id="replaydata-smogtours-gen3ou-797610">
{"id":"smogtours-gen3ou-797610","format":"[Gen 3] OU","players":["pea-kah","dadaasdcfaw"],"uploadtime":1728754200,"views":100,"formatid":"gen3ou","rating":null,"private":0,"password":null}
</script>

<script defer src="js/replays.js?9d40a366"></script>
