<!DOCTYPE html>
<meta charset="utf-8" />
<meta name="viewport" content="width=device-width" />

<title>[Gen 3] OU: Segale vs. denizzz - Replays - Pok&eacute;mon Showdown!</title>

<meta name="description" content="Watch a replay of a Pok&eacute;mon battle between Segale and denizzz! Format: [Gen 3] OU; Date: Nov 3, 2024" />
<!--

Hey, you! Looking in the source for the replay log?

You can find them in JSON format, just add `.json` at the end of a replay URL.

https://replay.pokemonshowdown.com/gen7randomdoublesbattle-865046831.json

Or, if you only need the log itself, add `.log` instead:

https://replay.pokemonshowdown.com/gen7randomdoublesbattle-865046831.log

-->

<link rel="stylesheet" href="//pokemonshowdown.com/style/global.css?0.023195364461161105" />
<link rel="stylesheet" href="//play.pokemonshowdown.com/style/font-awesome.css?0.13261647063804238" />
<link rel="stylesheet" href="//play.pokemonshowdown.com/style/battle.css?0.8753245789963631" />
<link rel="stylesheet" href="//play.pokemonshowdown.com/style/utilichart.css?0.8627959624976733" />

<!-- Global site tag (gtag.js) - Google Analytics -->
<script async src="https://www.googletagmanager.com/gtag/js?id=UA-26211653-1"></script>
<script>
  window.dataLayer = window.dataLayer || [];
  function gtag(){dataLayer.push(arguments);}
  gtag('js', new Date());

  gtag('config', 'UA-26211653-1');
</script>
<!-- End Google Analytics -->
<!-- Venatus Ad Manager - Install in <HEAD> of page -->
	<script src="https://hb.vntsm.com/v3/live/ad-manager.min.js" type="text/javascript" data-site-id="642aba63ec9a7b11c3c9c1be" data-mode="scan" async></script>
<!-- / Venatus Ad Manager -->

<style>
	@media (max-width:820px) {
		.battle {
			margin: 0 auto;
		}
		.battle-log {
			margin: 7px auto 0;
			max-width: 640px;
			height: 300px;
			position: static;
		}
	}
	.optgroup {
		display: inline-block;
		line-height: 22px;
		font-size: 10pt;
	}
	.optgroup .button {
		height: 25px;
		padding-top: 0;
		padding-bottom: 0;
	}
	.optgroup button.button {
		padding-left: 12px;
		padding-right: 12px;
	}
	.linklist {
		list-style: none;
		margin: 0.5em 0;
		padding: 0;
	}
	.linklist li {
		padding: 2px 0;
	}
	.sidebar {
		float: left;
		width: 320px;
	}
	.bar-wrapper {
		max-width: 1100px;
		margin: 0 auto;
	}
	.bar-wrapper.has-sidebar {
		max-width: 1430px;
	}
	.mainbar {
		margin: 0;
		padding-right: 1px;
	}
	.mainbar.has-sidebar {
		margin-left: 330px;
	}
	@media (min-width: 1511px) {
		.sidebar {
			width: 400px;
		}
		.bar-wrapper.has-sidebar {
			max-width: 1510px;
		}
		.mainbar.has-sidebar {
			margin-left: 410px;
		}
	}
	.section.first-section {
		margin-top: 9px;
	}
	.blocklink small {
		white-space: normal;
	}
	.button {
		vertical-align: middle;
	}
	.replay-controls {
		padding-top: 10px;
	}
	.replay-controls h1 {
		font-size: 16pt;
		font-weight: normal;
		color: #CCC;
	}
	.pagelink {
		text-align: center;
	}
	.pagelink a {
		width: 150px;
	}
	.textbox, .button {
		font-size: 11pt;
		vertical-align: middle;
	}
	@media (max-width: 450px) {
		.button {
			font-size: 9pt;
		}
	}
</style>

<div>

	<header>
		<div class="nav-wrapper"><ul class="nav">
			<li><a class="button nav-first" href="//pokemonshowdown.com/"><img src="//pokemonshowdown.com/images/pokemonshowdownbeta.png" srcset="//pokemonshowdown.com/images/pokemonshowdownbeta.png 1x, //pokemonshowdown.com/images/pokemonshowdownbeta@2x.png 2x" alt="Pok&eacute;mon Showdown" width="146" height="44" /> Home</a></li>
			<li><a class="button" href="//pokemonshowdown.com/dex/">Pok&eacute;dex</a></li>
			<li><a class="button cur" href="/">Replays</a></li>
			<li><a class="button" href="//pokemonshowdown.com/ladder/">Ladder</a></li>
			<li><a class="button nav-last" href="//pokemonshowdown.com/forums/">Forum</a></li>
			<li><a class="button greenbutton nav-first nav-last" href="//play.pokemonshowdown.com/">Play</a></li>
		</ul></div>
	</header>

	<div class="main" id="main">

		<noscript><section class="section">You need to enable JavaScript to use this page; sorry!</section></noscript>

	</div>

</div>

<script defer nomodule src="//play.pokemonshowdown.com/js/lib/ps-polyfill.js"></script>
<script defer src="//play.pokemonshowdown.com/js/lib/preact.min.js"></script>

<script defer src="//play.pokemonshowdown.com/config/config.js?2bddbc15"></script>
<script defer src="//play.pokemonshowdown.com/js/lib/jquery-1.11.0.min.js"></script>
<script defer src="//play.pokemonshowdown.com/js/lib/html-sanitizer-minified.js"></script>
<script defer src="//play.pokemonshowdown.com/js/battle-sound.js"></script>
<script defer src="//play.pokemonshowdown.com/js/battledata.js?0.7209276989879541"></script>
<script defer src="//play.pokemonshowdown.com/data/pokedex-mini.js?0.6111056340867951"></script>
<script defer src="//play.pokemonshowdown.com/data/pokedex-mini-bw.js?0.3532142036491459"></script>
<script defer src="//play.pokemonshowdown.com/data/graphics.js?0.24223875632456182"></script>
<script defer src="//play.pokemonshowdown.com/data/pokedex.js?0.38839984266356864"></script>
<script defer src="//play.pokemonshowdown.com/data/moves.js?0.21866028504024015"></script>
<script defer src="//play.pokemonshowdown.com/data/abilities.js?0.2005157953846628"></script>
<script defer src="//play.pokemonshowdown.com/data/items.js?0.9894211263848525"></script>
<script defer src="//play.pokemonshowdown.com/data/teambuilder-tables.js?0.6008791140282215"></script>
<script defer src="//play.pokemonshowdown.com/js/battle-tooltips.js?0.7580118955022959"></script>
<script defer src="//play.pokemonshowdown.com/js/battle.js?0.6057722274234274"></script>

<script defer src="js/utils.js?e31f9a17"></script>
<script defer src="js/replays-battle.js?7008c182"></script>

<!-- don't scrape this data! just add .json or .log after the URL!
Full API docs: https://github.com/smogon/pokemon-showdown-client/blob/master/WEB-API.md -->
<script type="text/plain" class="log" id="replaylog-smogtours-gen3ou-804462">
|inactive|Battle timer is ON: inactive players will automatically lose when time's up.
|t:|1730657441
|gametype|singles
|player|p1|Segale|blue|
|player|p2|denizzz|266|
|teamsize|p1|6
|teamsize|p2|6
|gen|3
|tier|[Gen 3] OU
|rule|Sleep Clause Mod: Limit one foe put to sleep
|rule|Switch Priority Clause Mod: Faster Pokémon switch first
|rule|Species Clause: Limit one of each Pokémon
|rule|OHKO Clause: OHKO moves are banned
|rule|Evasion Items Clause: Evasion items are banned
|rule|Evasion Moves Clause: Evasion moves are banned
|rule|Endless Battle Clause: Forcing endless battles is banned
|rule|HP Percentage Mod: HP is shown in percentages
|rule|One Boost Passer Clause: Limit one Baton Passer that has a way to boost its stats
|rule|Freeze Clause Mod: Limit one foe frozen
|
|t:|1730657441
|start
|switch|p1a: Smeargle|Smeargle, M|100/100
|switch|p2a: Wailord|Wailord, F|100/100
|turn|1
|
|t:|1730657449
|move|p1a: Smeargle|Spore|p2a: Wailord
|-status|p2a: Wailord|slp|[from] move: Spore
|cant|p2a: Wailord|slp
|
|upkeep
|turn|2
|
|t:|1730657451
|move|p1a: Smeargle|Spikes|p2a: Wailord
|-sidestart|p2: denizzz|Spikes
|cant|p2a: Wailord|slp
|
|upkeep
|turn|3
|
|t:|1730657456
|move|p1a: Smeargle|Spikes|p2a: Wailord
|-sidestart|p2: denizzz|Spikes
|cant|p2a: Wailord|slp
|
|upkeep
|turn|4
|
|t:|1730657459
|move|p1a: Smeargle|Spikes|p2a: Wailord
|-sidestart|p2: denizzz|Spikes
|cant|p2a: Wailord|slp
|
|upkeep
|turn|5
|
|t:|1730657463
|move|p1a: Smeargle|Destiny Bond|p1a: Smeargle
|-singlemove|p1a: Smeargle|Destiny Bond
|-curestatus|p2a: Wailord|slp|[msg]
|move|p2a: Wailord|Water Spout|p1a: Smeargle
|-damage|p1a: Smeargle|0 fnt
|faint|p1a: Smeargle
|-activate|p1a: Smeargle|move: Destiny Bond
|faint|p2a: Wailord
|
|t:|1730657472
|switch|p1a: Zapdos|Zapdos|100/100
|switch|p2a: Zapdos|Zapdos|100/100
|
|upkeep
|turn|6
|
|t:|1730657476
|switch|p2a: Jolteon|Jolteon, F|100/100
|-damage|p2a: Jolteon|75/100|[from] Spikes
|move|p1a: Zapdos|Hidden Power|p2a: Jolteon
|-damage|p2a: Jolteon|44/100
|
|-heal|p2a: Jolteon|50/100|[from] item: Leftovers
|upkeep
|turn|7
|
|t:|1730657494
|switch|p1a: Swampert|Swampert, M|100/100
|move|p2a: Jolteon|Thunder Wave|p1a: Swampert
|-immune|p1a: Swampert
|
|-heal|p2a: Jolteon|56/100|[from] item: Leftovers
|upkeep
|turn|8
|
|t:|1730657504
|move|p2a: Jolteon|Baton Pass|p2a: Jolteon
|
|t:|1730657505
|switch|p2a: Zapdos|Zapdos|100/100|[from] Baton Pass
|move|p1a: Swampert|Surf|p2a: Zapdos
|-damage|p2a: Zapdos|55/100
|
|-heal|p2a: Zapdos|61/100|[from] item: Leftovers
|upkeep
|turn|9
|
|t:|1730657515
|move|p2a: Zapdos|Thunderbolt|p1a: Swampert
|-immune|p1a: Swampert
|move|p1a: Swampert|Roar|p2a: Zapdos
|drag|p2a: Metagross|Metagross|100/100
|-damage|p2a: Metagross|75/100|[from] Spikes
|
|-heal|p2a: Metagross|82/100|[from] item: Leftovers
|upkeep
|turn|10
|
|t:|1730657525
|switch|p2a: Zapdos|Zapdos|61/100
|move|p1a: Swampert|Substitute|p1a: Swampert
|-start|p1a: Swampert|Substitute
|-damage|p1a: Swampert|76/100
|
|-heal|p2a: Zapdos|67/100|[from] item: Leftovers
|upkeep
|turn|11
|
|t:|1730657528
|move|p2a: Zapdos|Hidden Power|p1a: Swampert
|-supereffective|p1a: Swampert
|-end|p1a: Swampert|Substitute
|move|p1a: Swampert|Surf|p2a: Zapdos
|-damage|p2a: Zapdos|24/100
|
|-heal|p2a: Zapdos|30/100|[from] item: Leftovers
|upkeep
|turn|12
|
|t:|1730657531
|switch|p1a: Zapdos|Zapdos|100/100
|move|p2a: Zapdos|Hidden Power|p1a: Zapdos
|-resisted|p1a: Zapdos
|-damage|p1a: Zapdos|90/100
|
|-heal|p1a: Zapdos|96/100|[from] item: Leftovers
|-heal|p2a: Zapdos|36/100|[from] item: Leftovers
|upkeep
|turn|13
|
|t:|1730657534
|move|p2a: Zapdos|Thunderbolt|p1a: Zapdos
|-crit|p1a: Zapdos
|-damage|p1a: Zapdos|0 fnt
|faint|p1a: Zapdos
|
|t:|1730657538
|switch|p1a: Gengar|Gengar, M|100/100
|
|-heal|p2a: Zapdos|43/100|[from] item: Leftovers
|upkeep
|turn|14
|
|t:|1730657544
|switch|p2a: Metagross|Metagross|82/100
|-damage|p2a: Metagross|57/100|[from] Spikes
|move|p1a: Gengar|Substitute|p1a: Gengar
|-start|p1a: Gengar|Substitute
|-damage|p1a: Gengar|75/100
|
|-heal|p1a: Gengar|82/100|[from] item: Leftovers
|-heal|p2a: Metagross|63/100|[from] item: Leftovers
|upkeep
|turn|15
|
|t:|1730657546
|move|p1a: Gengar|Will-O-Wisp|p2a: Metagross
|-status|p2a: Metagross|brn
|move|p2a: Metagross|Meteor Mash|p1a: Gengar
|-end|p1a: Gengar|Substitute
|-boost|p2a: Metagross|atk|1
|
|-heal|p1a: Gengar|88/100|[from] item: Leftovers
|-heal|p2a: Metagross|69/100 brn|[from] item: Leftovers
|-damage|p2a: Metagross|56/100 brn|[from] brn
|upkeep
|turn|16
|
|t:|1730657549
|switch|p1a: Swampert|Swampert, M|76/100
|move|p2a: Metagross|Meteor Mash|p1a: Swampert
|-resisted|p1a: Swampert
|-damage|p1a: Swampert|51/100
|
|-heal|p2a: Metagross|62/100 brn|[from] item: Leftovers
|-damage|p2a: Metagross|50/100 brn|[from] brn
|upkeep
|turn|17
|
|t:|1730657553
|switch|p2a: Zapdos|Zapdos|43/100
|move|p1a: Swampert|Substitute|p1a: Swampert
|-start|p1a: Swampert|Substitute
|-damage|p1a: Swampert|26/100
|
|-heal|p2a: Zapdos|49/100|[from] item: Leftovers
|upkeep
|turn|18
|
|t:|1730657556
|move|p2a: Zapdos|Hidden Power|p1a: Swampert
|-supereffective|p1a: Swampert
|-end|p1a: Swampert|Substitute
|move|p1a: Swampert|Substitute|p1a: Swampert
|-start|p1a: Swampert|Substitute
|-damage|p1a: Swampert|1/100
|
|-heal|p2a: Zapdos|55/100|[from] item: Leftovers
|-enditem|p1a: Swampert|Salac Berry|[eat]
|-boost|p1a: Swampert|spe|1|[from] item: Salac Berry
|upkeep
|turn|19
|
|t:|1730657558
|move|p1a: Swampert|Surf|p2a: Zapdos
|-damage|p2a: Zapdos|0 fnt
|faint|p2a: Zapdos
|
|t:|1730657563
|switch|p2a: Jolteon|Jolteon, F|56/100
|-damage|p2a: Jolteon|31/100|[from] Spikes
|
|-heal|p2a: Jolteon|38/100|[from] item: Leftovers
|upkeep
|turn|20
|
|t:|1730657565
|move|p2a: Jolteon|Hidden Power|p1a: Swampert
|-activate|p1a: Swampert|Substitute|[damage]
|move|p1a: Swampert|Surf|p2a: Jolteon
|-crit|p2a: Jolteon
|-damage|p2a: Jolteon|0 fnt
|faint|p2a: Jolteon
|-message|denizzz forfeited.
|
|win|Segale

</script>
<script type="application/json" class="data" id="replaydata-smogtours-gen3ou-804462">
{"id":"smogtours-gen3ou-804462","format":"[Gen 3] OU","players":["Segale","denizzz"],"uploadtime":1730657570,"views":49,"formatid":"gen3ou","rating":null,"private":1,"password":null}
</script>

<script defer src="js/replays.js?9d40a366"></script>
