<!DOCTYPE html>
<meta charset="utf-8" />
<meta name="viewport" content="width=device-width" />

<title>[Gen 3] OU: asbolus verrucosus vs. chad.lagos - Replays - Pok&eacute;mon Showdown!</title>

<meta name="description" content="Watch a replay of a Pok&eacute;mon battle between asbolus verrucosus and chad.lagos! Format: [Gen 3] OU; Date: Oct 9, 2024" />
<!--

Hey, you! Looking in the source for the replay log?

You can find them in JSON format, just add `.json` at the end of a replay URL.

https://replay.pokemonshowdown.com/gen7randomdoublesbattle-865046831.json

Or, if you only need the log itself, add `.log` instead:

https://replay.pokemonshowdown.com/gen7randomdoublesbattle-865046831.log

-->

<link rel="stylesheet" href="//pokemonshowdown.com/style/global.css?0.023195364461161105" />
<link rel="stylesheet" href="//play.pokemonshowdown.com/style/font-awesome.css?0.13261647063804238" />
<link rel="stylesheet" href="//play.pokemonshowdown.com/style/battle.css?0.8753245789963631" />
<link rel="stylesheet" href="//play.pokemonshowdown.com/style/utilichart.css?0.8627959624976733" />

<!-- Global site tag (gtag.js) - Google Analytics -->
<script async src="https://www.googletagmanager.com/gtag/js?id=UA-26211653-1"></script>
<script>
  window.dataLayer = window.dataLayer || [];
  function gtag(){dataLayer.push(arguments);}
  gtag('js', new Date());

  gtag('config', 'UA-26211653-1');
</script>
<!-- End Google Analytics -->
<!-- Venatus Ad Manager - Install in <HEAD> of page -->
	<script src="https://hb.vntsm.com/v3/live/ad-manager.min.js" type="text/javascript" data-site-id="642aba63ec9a7b11c3c9c1be" data-mode="scan" async></script>
<!-- / Venatus Ad Manager -->

<style>
	@media (max-width:820px) {
		.battle {
			margin: 0 auto;
		}
		.battle-log {
			margin: 7px auto 0;
			max-width: 640px;
			height: 300px;
			position: static;
		}
	}
	.optgroup {
		display: inline-block;
		line-height: 22px;
		font-size: 10pt;
	}
	.optgroup .button {
		height: 25px;
		padding-top: 0;
		padding-bottom: 0;
	}
	.optgroup button.button {
		padding-left: 12px;
		padding-right: 12px;
	}
	.linklist {
		list-style: none;
		margin: 0.5em 0;
		padding: 0;
	}
	.linklist li {
		padding: 2px 0;
	}
	.sidebar {
		float: left;
		width: 320px;
	}
	.bar-wrapper {
		max-width: 1100px;
		margin: 0 auto;
	}
	.bar-wrapper.has-sidebar {
		max-width: 1430px;
	}
	.mainbar {
		margin: 0;
		padding-right: 1px;
	}
	.mainbar.has-sidebar {
		margin-left: 330px;
	}
	@media (min-width: 1511px) {
		.sidebar {
			width: 400px;
		}
		.bar-wrapper.has-sidebar {
			max-width: 1510px;
		}
		.mainbar.has-sidebar {
			margin-left: 410px;
		}
	}
	.section.first-section {
		margin-top: 9px;
	}
	.blocklink small {
		white-space: normal;
	}
	.button {
		vertical-align: middle;
	}
	.replay-controls {
		padding-top: 10px;
	}
	.replay-controls h1 {
		font-size: 16pt;
		font-weight: normal;
		color: #CCC;
	}
	.pagelink {
		text-align: center;
	}
	.pagelink a {
		width: 150px;
	}
	.textbox, .button {
		font-size: 11pt;
		vertical-align: middle;
	}
	@media (max-width: 450px) {
		.button {
			font-size: 9pt;
		}
	}
</style>

<div>

	<header>
		<div class="nav-wrapper"><ul class="nav">
			<li><a class="button nav-first" href="//pokemonshowdown.com/"><img src="//pokemonshowdown.com/images/pokemonshowdownbeta.png" srcset="//pokemonshowdown.com/images/pokemonshowdownbeta.png 1x, //pokemonshowdown.com/images/pokemonshowdownbeta@2x.png 2x" alt="Pok&eacute;mon Showdown" width="146" height="44" /> Home</a></li>
			<li><a class="button" href="//pokemonshowdown.com/dex/">Pok&eacute;dex</a></li>
			<li><a class="button cur" href="/">Replays</a></li>
			<li><a class="button" href="//pokemonshowdown.com/ladder/">Ladder</a></li>
			<li><a class="button nav-last" href="//pokemonshowdown.com/forums/">Forum</a></li>
			<li><a class="button greenbutton nav-first nav-last" href="//play.pokemonshowdown.com/">Play</a></li>
		</ul></div>
	</header>

	<div class="main" id="main">

		<noscript><section class="section">You need to enable JavaScript to use this page; sorry!</section></noscript>

	</div>

</div>

<script defer nomodule src="//play.pokemonshowdown.com/js/lib/ps-polyfill.js"></script>
<script defer src="//play.pokemonshowdown.com/js/lib/preact.min.js"></script>

<script defer src="//play.pokemonshowdown.com/config/config.js?2bddbc15"></script>
<script defer src="//play.pokemonshowdown.com/js/lib/jquery-1.11.0.min.js"></script>
<script defer src="//play.pokemonshowdown.com/js/lib/html-sanitizer-minified.js"></script>
<script defer src="//play.pokemonshowdown.com/js/battle-sound.js"></script>
<script defer src="//play.pokemonshowdown.com/js/battledata.js?0.7209276989879541"></script>
<script defer src="//play.pokemonshowdown.com/data/pokedex-mini.js?0.6111056340867951"></script>
<script defer src="//play.pokemonshowdown.com/data/pokedex-mini-bw.js?0.3532142036491459"></script>
<script defer src="//play.pokemonshowdown.com/data/graphics.js?0.24223875632456182"></script>
<script defer src="//play.pokemonshowdown.com/data/pokedex.js?0.38839984266356864"></script>
<script defer src="//play.pokemonshowdown.com/data/moves.js?0.21866028504024015"></script>
<script defer src="//play.pokemonshowdown.com/data/abilities.js?0.2005157953846628"></script>
<script defer src="//play.pokemonshowdown.com/data/items.js?0.9894211263848525"></script>
<script defer src="//play.pokemonshowdown.com/data/teambuilder-tables.js?0.6008791140282215"></script>
<script defer src="//play.pokemonshowdown.com/js/battle-tooltips.js?0.7580118955022959"></script>
<script defer src="//play.pokemonshowdown.com/js/battle.js?0.6057722274234274"></script>

<script defer src="js/utils.js?e31f9a17"></script>
<script defer src="js/replays-battle.js?7008c182"></script>

<!-- don't scrape this data! just add .json or .log after the URL!
Full API docs: https://github.com/smogon/pokemon-showdown-client/blob/master/WEB-API.md -->
<script type="text/plain" class="log" id="replaylog-smogtours-gen3ou-796778">
|inactive|Battle timer is ON: inactive players will automatically lose when time's up.
|t:|1728510740
|gametype|singles
|player|p1|asbolus verrucosus|bugsy-gen2|
|player|p2|chad.lagos|cyclist|
|teamsize|p1|6
|teamsize|p2|6
|gen|3
|tier|[Gen 3] OU
|rule|Sleep Clause Mod: Limit one foe put to sleep
|rule|Switch Priority Clause Mod: Faster Pokémon switch first
|rule|Species Clause: Limit one of each Pokémon
|rule|OHKO Clause: OHKO moves are banned
|rule|Evasion Items Clause: Evasion items are banned
|rule|Evasion Moves Clause: Evasion moves are banned
|rule|Endless Battle Clause: Forcing endless battles is banned
|rule|HP Percentage Mod: HP is shown in percentages
|rule|One Boost Passer Clause: Limit one Baton Passer that has a way to boost its stats
|rule|Freeze Clause Mod: Limit one foe frozen
|
|t:|1728510740
|start
|switch|p1a: Machamp|Machamp, F|100/100
|switch|p2a: No Fawks|Blaziken, F, shiny|100/100
|turn|1
|
|t:|1728510770
|move|p2a: No Fawks|Fire Blast|p1a: Machamp
|-damage|p1a: Machamp|40/100
|-status|p1a: Machamp|brn
|move|p1a: Machamp|Cross Chop|p2a: No Fawks
|-damage|p2a: No Fawks|0 fnt
|faint|p2a: No Fawks
|
|t:|1728510784
|switch|p2a: Dugtrio|Dugtrio, M|100/100
|
|-heal|p1a: Machamp|46/100 brn|[from] item: Leftovers
|-damage|p1a: Machamp|34/100 brn|[from] brn
|upkeep
|turn|2
|
|t:|1728510795
|move|p2a: Dugtrio|Aerial Ace|p1a: Machamp
|-supereffective|p1a: Machamp
|-damage|p1a: Machamp|0 fnt
|faint|p1a: Machamp
|
|t:|1728510812
|switch|p1a: Salamence|Salamence, M|100/100
|-ability|p1a: Salamence|Intimidate|boost
|-unboost|p2a: Dugtrio|atk|1
|
|upkeep
|turn|3
|inactive|chad.lagos has 270 seconds left.
|inactive|chad.lagos has 240 seconds left.
|inactive|chad.lagos has 210 seconds left.
|
|t:|1728510906
|switch|p2a: Suicune|Suicune|100/100
|move|p1a: Salamence|Dragon Dance|p1a: Salamence
|-boost|p1a: Salamence|atk|1
|-boost|p1a: Salamence|spe|1
|
|upkeep
|turn|4
|inactive|chad.lagos has 210 seconds left.
|inactive|chad.lagos has 180 seconds left.
|
|t:|1728510956
|switch|p1a: Snorlax|Snorlax, M|100/100
|move|p2a: Suicune|Calm Mind|p2a: Suicune
|-boost|p2a: Suicune|spa|1
|-boost|p2a: Suicune|spd|1
|
|upkeep
|turn|5
|
|t:|1728510964
|move|p2a: Suicune|Surf|p1a: Snorlax
|-damage|p1a: Snorlax|69/100
|move|p1a: Snorlax|Curse|p1a: Snorlax
|-unboost|p1a: Snorlax|spe|1
|-boost|p1a: Snorlax|atk|1
|-boost|p1a: Snorlax|def|1
|
|-heal|p1a: Snorlax|75/100|[from] item: Leftovers
|upkeep
|turn|6
|inactive|chad.lagos has 180 seconds left.
|
|t:|1728510981
|move|p2a: Suicune|Calm Mind|p2a: Suicune
|-boost|p2a: Suicune|spa|1
|-boost|p2a: Suicune|spd|1
|move|p1a: Snorlax|Body Slam|p2a: Suicune
|-crit|p2a: Suicune
|-damage|p2a: Suicune|17/100
|-status|p2a: Suicune|par
|
|-heal|p1a: Snorlax|81/100|[from] item: Leftovers
|-heal|p2a: Suicune|23/100 par|[from] item: Leftovers
|upkeep
|turn|7
|inactive|chad.lagos has 150 seconds left.
|
|t:|1728511016
|move|p1a: Snorlax|Body Slam|p2a: Suicune
|-damage|p2a: Suicune|0 fnt
|faint|p2a: Suicune
|inactive|chad.lagos has 120 seconds left.
|inactive|chad.lagos has 90 seconds left.
|inactive|chad.lagos has 60 seconds left.
|
|t:|1728511112
|switch|p2a: Heracross|Heracross, M|100/100
|
|-heal|p1a: Snorlax|87/100|[from] item: Leftovers
|upkeep
|turn|8
|inactive|chad.lagos has 60 seconds left.
|
|t:|1728511123
|move|p2a: Heracross|Substitute|p2a: Heracross
|-start|p2a: Heracross|Substitute
|-damage|p2a: Heracross|75/100
|move|p1a: Snorlax|Body Slam|p2a: Heracross
|-end|p2a: Heracross|Substitute
|
|-heal|p1a: Snorlax|94/100|[from] item: Leftovers
|upkeep
|turn|9
|inactive|chad.lagos has 60 seconds left.
|inactive|chad.lagos has 30 seconds left.
|inactive|asbolus verrucosus has 270 seconds left.
|inactive|chad.lagos has 20 seconds left.
|inactive|chad.lagos has 15 seconds left.
|
|t:|1728511180
|move|p2a: Heracross|Megahorn|p1a: Snorlax
|-damage|p1a: Snorlax|58/100
|move|p1a: Snorlax|Body Slam|p2a: Heracross
|-damage|p2a: Heracross|0 fnt
|faint|p2a: Heracross
|inactive|chad.lagos has 20 seconds left this turn.
|inactive|chad.lagos has 15 seconds left.
|
|t:|1728511185
|switch|p2a: Dugtrio|Dugtrio, M|100/100
|
|-heal|p1a: Snorlax|64/100|[from] item: Leftovers
|upkeep
|turn|10
|inactive|chad.lagos has 25 seconds left this turn.
|inactive|chad.lagos has 20 seconds left.
|
|t:|1728511190
|move|p2a: Dugtrio|Rock Slide|p1a: Snorlax
|-damage|p1a: Snorlax|49/100
|move|p1a: Snorlax|Body Slam|p2a: Dugtrio
|-damage|p2a: Dugtrio|0 fnt
|faint|p2a: Dugtrio
|inactive|chad.lagos has 25 seconds left this turn.
|inactive|chad.lagos has 20 seconds left.
|
|t:|1728511198
|switch|p2a: Zapdos|Zapdos|100/100
|
|-heal|p1a: Snorlax|55/100|[from] item: Leftovers
|upkeep
|turn|11
|inactive|chad.lagos has 30 seconds left this turn.
|
|t:|1728511205
|move|p2a: Zapdos|Rain Dance|p2a: Zapdos
|-weather|RainDance
|move|p1a: Snorlax|Body Slam|p2a: Zapdos
|-damage|p2a: Zapdos|39/100
|-status|p2a: Zapdos|par
|
|-weather|RainDance|[upkeep]
|-heal|p2a: Zapdos|45/100 par|[from] item: Leftovers
|-heal|p1a: Snorlax|61/100|[from] item: Leftovers
|upkeep
|turn|12
|inactive|chad.lagos has 30 seconds left.
|inactive|chad.lagos has 20 seconds left.
|
|t:|1728511221
|cant|p2a: Zapdos|par
|move|p1a: Snorlax|Body Slam|p2a: Zapdos
|-damage|p2a: Zapdos|0 fnt
|faint|p2a: Zapdos
|inactive|chad.lagos has 25 seconds left this turn.
|
|t:|1728511226
|switch|p2a: Kingdra|Kingdra, F|100/100
|
|-weather|RainDance|[upkeep]
|-heal|p1a: Snorlax|68/100|[from] item: Leftovers
|upkeep
|turn|13
|inactive|chad.lagos has 30 seconds left.
|
|t:|1728511235
|move|p2a: Kingdra|Ice Beam|p1a: Snorlax
|-damage|p1a: Snorlax|52/100
|move|p1a: Snorlax|Body Slam|p2a: Kingdra
|-damage|p2a: Kingdra|46/100
|
|-weather|RainDance|[upkeep]
|-heal|p1a: Snorlax|58/100|[from] item: Leftovers
|upkeep
|turn|14
|
|t:|1728511242
|move|p2a: Kingdra|Surf|p1a: Snorlax
|-damage|p1a: Snorlax|26/100
|move|p1a: Snorlax|Body Slam|p2a: Kingdra
|-damage|p2a: Kingdra|0 fnt
|faint|p2a: Kingdra
|
|win|asbolus verrucosus
|c|☆chad.lagos|gg
|c|☆asbolus verrucosus|pretty wack game
|c|☆asbolus verrucosus|sorry
|c|☆asbolus verrucosus|gg though

</script>
<script type="application/json" class="data" id="replaydata-smogtours-gen3ou-796778">
{"id":"smogtours-gen3ou-796778","format":"[Gen 3] OU","players":["asbolus verrucosus","chad.lagos"],"uploadtime":1728511242,"views":144,"formatid":"gen3ou","rating":null,"private":0,"password":null}
</script>

<script defer src="js/replays.js?9d40a366"></script>
