<!DOCTYPE html>
<meta charset="utf-8" />
<meta name="viewport" content="width=device-width" />

<title>[Gen 3] OU: NoBottlecapsBlisy vs. swinubfan123 - Replays - Pok&eacute;mon Showdown!</title>

<meta name="description" content="Watch a replay of a Pok&eacute;mon battle between NoBottlecapsBlisy and swinubfan123! Format: [Gen 3] OU; Date: Oct 13, 2024" />
<!--

Hey, you! Looking in the source for the replay log?

You can find them in JSON format, just add `.json` at the end of a replay URL.

https://replay.pokemonshowdown.com/gen7randomdoublesbattle-865046831.json

Or, if you only need the log itself, add `.log` instead:

https://replay.pokemonshowdown.com/gen7randomdoublesbattle-865046831.log

-->

<link rel="stylesheet" href="//pokemonshowdown.com/style/global.css?0.023195364461161105" />
<link rel="stylesheet" href="//play.pokemonshowdown.com/style/font-awesome.css?0.13261647063804238" />
<link rel="stylesheet" href="//play.pokemonshowdown.com/style/battle.css?0.8753245789963631" />
<link rel="stylesheet" href="//play.pokemonshowdown.com/style/utilichart.css?0.8627959624976733" />

<!-- Global site tag (gtag.js) - Google Analytics -->
<script async src="https://www.googletagmanager.com/gtag/js?id=UA-26211653-1"></script>
<script>
  window.dataLayer = window.dataLayer || [];
  function gtag(){dataLayer.push(arguments);}
  gtag('js', new Date());

  gtag('config', 'UA-26211653-1');
</script>
<!-- End Google Analytics -->
<!-- Venatus Ad Manager - Install in <HEAD> of page -->
	<script src="https://hb.vntsm.com/v3/live/ad-manager.min.js" type="text/javascript" data-site-id="642aba63ec9a7b11c3c9c1be" data-mode="scan" async></script>
<!-- / Venatus Ad Manager -->

<style>
	@media (max-width:820px) {
		.battle {
			margin: 0 auto;
		}
		.battle-log {
			margin: 7px auto 0;
			max-width: 640px;
			height: 300px;
			position: static;
		}
	}
	.optgroup {
		display: inline-block;
		line-height: 22px;
		font-size: 10pt;
	}
	.optgroup .button {
		height: 25px;
		padding-top: 0;
		padding-bottom: 0;
	}
	.optgroup button.button {
		padding-left: 12px;
		padding-right: 12px;
	}
	.linklist {
		list-style: none;
		margin: 0.5em 0;
		padding: 0;
	}
	.linklist li {
		padding: 2px 0;
	}
	.sidebar {
		float: left;
		width: 320px;
	}
	.bar-wrapper {
		max-width: 1100px;
		margin: 0 auto;
	}
	.bar-wrapper.has-sidebar {
		max-width: 1430px;
	}
	.mainbar {
		margin: 0;
		padding-right: 1px;
	}
	.mainbar.has-sidebar {
		margin-left: 330px;
	}
	@media (min-width: 1511px) {
		.sidebar {
			width: 400px;
		}
		.bar-wrapper.has-sidebar {
			max-width: 1510px;
		}
		.mainbar.has-sidebar {
			margin-left: 410px;
		}
	}
	.section.first-section {
		margin-top: 9px;
	}
	.blocklink small {
		white-space: normal;
	}
	.button {
		vertical-align: middle;
	}
	.replay-controls {
		padding-top: 10px;
	}
	.replay-controls h1 {
		font-size: 16pt;
		font-weight: normal;
		color: #CCC;
	}
	.pagelink {
		text-align: center;
	}
	.pagelink a {
		width: 150px;
	}
	.textbox, .button {
		font-size: 11pt;
		vertical-align: middle;
	}
	@media (max-width: 450px) {
		.button {
			font-size: 9pt;
		}
	}
</style>

<div>

	<header>
		<div class="nav-wrapper"><ul class="nav">
			<li><a class="button nav-first" href="//pokemonshowdown.com/"><img src="//pokemonshowdown.com/images/pokemonshowdownbeta.png" srcset="//pokemonshowdown.com/images/pokemonshowdownbeta.png 1x, //pokemonshowdown.com/images/pokemonshowdownbeta@2x.png 2x" alt="Pok&eacute;mon Showdown" width="146" height="44" /> Home</a></li>
			<li><a class="button" href="//pokemonshowdown.com/dex/">Pok&eacute;dex</a></li>
			<li><a class="button cur" href="/">Replays</a></li>
			<li><a class="button" href="//pokemonshowdown.com/ladder/">Ladder</a></li>
			<li><a class="button nav-last" href="//pokemonshowdown.com/forums/">Forum</a></li>
			<li><a class="button greenbutton nav-first nav-last" href="//play.pokemonshowdown.com/">Play</a></li>
		</ul></div>
	</header>

	<div class="main" id="main">

		<noscript><section class="section">You need to enable JavaScript to use this page; sorry!</section></noscript>

	</div>

</div>

<script defer nomodule src="//play.pokemonshowdown.com/js/lib/ps-polyfill.js"></script>
<script defer src="//play.pokemonshowdown.com/js/lib/preact.min.js"></script>

<script defer src="//play.pokemonshowdown.com/config/config.js?2bddbc15"></script>
<script defer src="//play.pokemonshowdown.com/js/lib/jquery-1.11.0.min.js"></script>
<script defer src="//play.pokemonshowdown.com/js/lib/html-sanitizer-minified.js"></script>
<script defer src="//play.pokemonshowdown.com/js/battle-sound.js"></script>
<script defer src="//play.pokemonshowdown.com/js/battledata.js?0.7209276989879541"></script>
<script defer src="//play.pokemonshowdown.com/data/pokedex-mini.js?0.6111056340867951"></script>
<script defer src="//play.pokemonshowdown.com/data/pokedex-mini-bw.js?0.3532142036491459"></script>
<script defer src="//play.pokemonshowdown.com/data/graphics.js?0.24223875632456182"></script>
<script defer src="//play.pokemonshowdown.com/data/pokedex.js?0.38839984266356864"></script>
<script defer src="//play.pokemonshowdown.com/data/moves.js?0.21866028504024015"></script>
<script defer src="//play.pokemonshowdown.com/data/abilities.js?0.2005157953846628"></script>
<script defer src="//play.pokemonshowdown.com/data/items.js?0.9894211263848525"></script>
<script defer src="//play.pokemonshowdown.com/data/teambuilder-tables.js?0.6008791140282215"></script>
<script defer src="//play.pokemonshowdown.com/js/battle-tooltips.js?0.7580118955022959"></script>
<script defer src="//play.pokemonshowdown.com/js/battle.js?0.6057722274234274"></script>

<script defer src="js/utils.js?e31f9a17"></script>
<script defer src="js/replays-battle.js?7008c182"></script>

<!-- don't scrape this data! just add .json or .log after the URL!
Full API docs: https://github.com/smogon/pokemon-showdown-client/blob/master/WEB-API.md -->
<script type="text/plain" class="log" id="replaylog-smogtours-gen3ou-798166">
|inactive|Battle timer is ON: inactive players will automatically lose when time's up.
|t:|1728839098
|gametype|singles
|player|p1|NoBottlecapsBlisy|alder|
|player|p2|swinubfan123|cynthia|
|teamsize|p1|6
|teamsize|p2|6
|gen|3
|tier|[Gen 3] OU
|rule|Sleep Clause Mod: Limit one foe put to sleep
|rule|Switch Priority Clause Mod: Faster Pokémon switch first
|rule|Species Clause: Limit one of each Pokémon
|rule|OHKO Clause: OHKO moves are banned
|rule|Evasion Items Clause: Evasion items are banned
|rule|Evasion Moves Clause: Evasion moves are banned
|rule|Endless Battle Clause: Forcing endless battles is banned
|rule|HP Percentage Mod: HP is shown in percentages
|rule|One Boost Passer Clause: Limit one Baton Passer that has a way to boost its stats
|rule|Freeze Clause Mod: Limit one foe frozen
|
|t:|1728839098
|start
|switch|p1a: Salamence|Salamence, M, shiny|100/100
|switch|p2a: Metagross|Metagross|100/100
|-ability|p1a: Salamence|Intimidate|boost
|-fail|p2a: Metagross|unboost|[from] ability: Clear Body|[of] p2a: Metagross
|turn|1
|inactive|swinubfan123 has 270 seconds left.
|
|t:|1728839133
|switch|p1a: Metagross|Metagross, shiny|100/100
|switch|p2a: Flygon|Flygon, F|100/100
|
|upkeep
|turn|2
|
|t:|1728839155
|switch|p2a: Metagross|Metagross|100/100
|switch|p1a: Salamence|Salamence, M, shiny|100/100
|-ability|p1a: Salamence|Intimidate|boost
|-fail|p2a: Metagross|unboost|[from] ability: Clear Body|[of] p2a: Metagross
|
|upkeep
|turn|3
|
|t:|1728839163
|move|p1a: Salamence|Fire Blast|p2a: Metagross
|-supereffective|p2a: Metagross
|-damage|p2a: Metagross|29/100
|move|p2a: Metagross|Meteor Mash|p1a: Salamence
|-damage|p1a: Salamence|22/100
|
|-heal|p1a: Salamence|28/100|[from] item: Leftovers
|-heal|p2a: Metagross|35/100|[from] item: Leftovers
|upkeep
|turn|4
|
|t:|1728839174
|switch|p2a: Flygon|Flygon, F|100/100
|move|p1a: Salamence|Brick Break|p2a: Flygon
|-damage|p2a: Flygon|71/100
|
|-heal|p1a: Salamence|34/100|[from] item: Leftovers
|upkeep
|turn|5
|
|t:|1728839180
|move|p2a: Flygon|Rock Slide|p1a: Salamence
|-supereffective|p1a: Salamence
|-damage|p1a: Salamence|0 fnt
|faint|p1a: Salamence
|inactive|NoBottlecapsBlisy has 270 seconds left.
|
|t:|1728839230
|switch|p1a: Metagross|Metagross, shiny|100/100
|
|upkeep
|turn|6
|
|t:|1728839248
|switch|p2a: Metagross|Metagross|35/100
|move|p1a: Metagross|Hidden Power|p2a: Metagross
|-supereffective|p2a: Metagross
|-damage|p2a: Metagross|0 fnt
|faint|p2a: Metagross
|
|t:|1728839263
|switch|p2a: Flygon|Flygon, F|71/100
|
|upkeep
|turn|7
|
|t:|1728839268
|switch|p1a: Claydol|Claydol|100/100
|move|p2a: Flygon|Earthquake|p1a: Claydol
|-immune|p1a: Claydol
|
|upkeep
|turn|8
|
|t:|1728839294
|switch|p2a: Zapdos|Zapdos|100/100
|switch|p1a: Jirachi|Jirachi|100/100
|
|upkeep
|turn|9
|inactive|swinubfan123 has 270 seconds left.
|
|t:|1728839312
|move|p1a: Jirachi|Doom Desire|p2a: Zapdos
|-start|p1a: Jirachi|Doom Desire
|move|p2a: Zapdos|Thunderbolt|p1a: Jirachi
|-damage|p1a: Jirachi|47/100
|
|upkeep
|turn|10
|inactive|swinubfan123 has 270 seconds left.
|
|t:|1728839322
|switch|p1a: Claydol|Claydol|100/100
|move|p2a: Zapdos|Thunderbolt|p1a: Claydol
|-immune|p1a: Claydol
|
|upkeep
|turn|11
|inactive|swinubfan123 has 270 seconds left.
|
|t:|1728839332
|move|p2a: Zapdos|Hidden Power|p1a: Claydol
|-supereffective|p1a: Claydol
|-damage|p1a: Claydol|61/100
|move|p1a: Claydol|Psychic|p2a: Zapdos
|-damage|p2a: Zapdos|75/100
|
|-heal|p2a: Zapdos|81/100|[from] item: Leftovers
|-heal|p1a: Claydol|67/100|[from] item: Leftovers
|-end|p2a: Zapdos|move: Doom Desire
|-damage|p2a: Zapdos|23/100
|upkeep
|turn|12
|
|t:|1728839344
|move|p2a: Zapdos|Baton Pass|p2a: Zapdos
|
|t:|1728839348
|switch|p2a: Flygon|Flygon, F|71/100|[from] Baton Pass
|move|p1a: Claydol|Psychic|p2a: Flygon
|-damage|p2a: Flygon|39/100
|
|-heal|p1a: Claydol|73/100|[from] item: Leftovers
|upkeep
|turn|13
|inactive|NoBottlecapsBlisy has 270 seconds left.
|inactive|swinubfan123 has 270 seconds left.
|inactive|NoBottlecapsBlisy has 240 seconds left.
|
|t:|1728839406
|switch|p1a: Suicune|Suicune, shiny|100/100
|move|p2a: Flygon|Hidden Power|p1a: Suicune
|-damage|p1a: Suicune|78/100
|
|-heal|p1a: Suicune|84/100|[from] item: Leftovers
|upkeep
|turn|14
|inactive|NoBottlecapsBlisy has 240 seconds left.
|inactive|swinubfan123 has 270 seconds left.
|
|t:|1728839419
|move|p2a: Flygon|Hidden Power|p1a: Suicune
|-damage|p1a: Suicune|62/100
|move|p1a: Suicune|Surf|p2a: Flygon
|-damage|p2a: Flygon|0 fnt
|faint|p2a: Flygon
|inactive|swinubfan123 has 270 seconds left.
|inactive|swinubfan123 has 240 seconds left.
|
|t:|1728839458
|switch|p2a: Tentacruel|Tentacruel, M|100/100
|
|-heal|p1a: Suicune|68/100|[from] item: Leftovers
|upkeep
|turn|15
|inactive|swinubfan123 has 240 seconds left.
|
|t:|1728839472
|switch|p1a: Jirachi|Jirachi|47/100
|move|p2a: Tentacruel|Swords Dance|p2a: Tentacruel
|-boost|p2a: Tentacruel|atk|2
|
|upkeep
|turn|16
|
|t:|1728839478
|switch|p2a: Dugtrio|Dugtrio, F|100/100
|move|p1a: Jirachi|Doom Desire|p2a: Dugtrio
|-start|p1a: Jirachi|Doom Desire
|
|upkeep
|turn|17
|
|t:|1728839485
|move|p2a: Dugtrio|Earthquake|p1a: Jirachi
|-supereffective|p1a: Jirachi
|-damage|p1a: Jirachi|0 fnt
|faint|p1a: Jirachi
|
|t:|1728839495
|switch|p1a: Claydol|Claydol|73/100
|
|-heal|p1a: Claydol|79/100|[from] item: Leftovers
|upkeep
|turn|18
|inactive|swinubfan123 has 240 seconds left.
|
|t:|1728839535
|switch|p2a: Tentacruel|Tentacruel, M|100/100
|move|p1a: Claydol|Psychic|p2a: Tentacruel
|-supereffective|p2a: Tentacruel
|-damage|p2a: Tentacruel|58/100
|
|-heal|p2a: Tentacruel|64/100|[from] item: Leftovers
|-heal|p1a: Claydol|85/100|[from] item: Leftovers
|-end|p2a: Tentacruel|move: Doom Desire
|-damage|p2a: Tentacruel|0 fnt
|faint|p2a: Tentacruel
|upkeep
|
|t:|1728839537
|switch|p2a: Zapdos|Zapdos|23/100
|turn|19
|inactive|NoBottlecapsBlisy has 270 seconds left.
|
|t:|1728839564
|move|p2a: Zapdos|Hidden Power|p1a: Claydol
|-supereffective|p1a: Claydol
|-damage|p1a: Claydol|47/100
|move|p1a: Claydol|Psychic|p2a: Zapdos
|-damage|p2a: Zapdos|0 fnt
|faint|p2a: Zapdos
|inactive|swinubfan123 has 240 seconds left.
|
|t:|1728839585
|switch|p2a: Aerodactyl|Aerodactyl, M|100/100
|
|-heal|p1a: Claydol|53/100|[from] item: Leftovers
|upkeep
|turn|20
|
|t:|1728839598
|switch|p2a: Dugtrio|Dugtrio, F|100/100
|move|p1a: Claydol|Explosion|p2a: Dugtrio
|-damage|p2a: Dugtrio|0 fnt
|faint|p1a: Claydol
|faint|p2a: Dugtrio
|inactive|NoBottlecapsBlisy has 270 seconds left.
|
|t:|1728839608
|switch|p2a: Aerodactyl|Aerodactyl, M|100/100
|switch|p1a: Metagross|Metagross, shiny|100/100
|
|upkeep
|turn|21
|
|t:|1728839614
|move|p2a: Aerodactyl|Earthquake|p1a: Metagross
|-supereffective|p1a: Metagross
|-damage|p1a: Metagross|29/100
|move|p1a: Metagross|Explosion|p2a: Aerodactyl
|-resisted|p2a: Aerodactyl
|-damage|p2a: Aerodactyl|0 fnt
|faint|p1a: Metagross
|faint|p2a: Aerodactyl
|
|win|NoBottlecapsBlisy
|c|☆swinubfan123|ggs
|c|☆NoBottlecapsBlisy|gg
|player|p2|
|player|p1|
|player|p2|swinubfan123|cynthia|

</script>
<script type="application/json" class="data" id="replaydata-smogtours-gen3ou-798166">
{"id":"smogtours-gen3ou-798166","format":"[Gen 3] OU","players":["NoBottlecapsBlisy","swinubfan123"],"uploadtime":1728839614,"views":90,"formatid":"gen3ou","rating":null,"private":0,"password":null}
</script>

<script defer src="js/replays.js?9d40a366"></script>
