<!DOCTYPE html>
<meta charset="utf-8" />
<meta name="viewport" content="width=device-width" />

<title>[Gen 3] OU: AutumnMint vs. bluesenergy00 - Replays - Pok&eacute;mon Showdown!</title>

<meta name="description" content="Watch a replay of a Pok&eacute;mon battle between AutumnMint and bluesenergy00! Format: [Gen 3] OU; Date: Oct 20, 2024" />
<!--

Hey, you! Looking in the source for the replay log?

You can find them in JSON format, just add `.json` at the end of a replay URL.

https://replay.pokemonshowdown.com/gen7randomdoublesbattle-865046831.json

Or, if you only need the log itself, add `.log` instead:

https://replay.pokemonshowdown.com/gen7randomdoublesbattle-865046831.log

-->

<link rel="stylesheet" href="//pokemonshowdown.com/style/global.css?0.767286132409787" />
<link rel="stylesheet" href="//play.pokemonshowdown.com/style/font-awesome.css?0.9266228007934947" />
<link rel="stylesheet" href="//play.pokemonshowdown.com/style/battle.css?0.7924700842790926" />
<link rel="stylesheet" href="//play.pokemonshowdown.com/style/utilichart.css?0.8777417872839479" />

<!-- Global site tag (gtag.js) - Google Analytics -->
<script async src="https://www.googletagmanager.com/gtag/js?id=UA-26211653-1"></script>
<script>
  window.dataLayer = window.dataLayer || [];
  function gtag(){dataLayer.push(arguments);}
  gtag('js', new Date());

  gtag('config', 'UA-26211653-1');
</script>
<!-- End Google Analytics -->
<!-- Venatus Ad Manager - Install in <HEAD> of page -->
	<script src="https://hb.vntsm.com/v3/live/ad-manager.min.js" type="text/javascript" data-site-id="642aba63ec9a7b11c3c9c1be" data-mode="scan" async></script>
<!-- / Venatus Ad Manager -->

<style>
	@media (max-width:820px) {
		.battle {
			margin: 0 auto;
		}
		.battle-log {
			margin: 7px auto 0;
			max-width: 640px;
			height: 300px;
			position: static;
		}
	}
	.optgroup {
		display: inline-block;
		line-height: 22px;
		font-size: 10pt;
	}
	.optgroup .button {
		height: 25px;
		padding-top: 0;
		padding-bottom: 0;
	}
	.optgroup button.button {
		padding-left: 12px;
		padding-right: 12px;
	}
	.linklist {
		list-style: none;
		margin: 0.5em 0;
		padding: 0;
	}
	.linklist li {
		padding: 2px 0;
	}
	.sidebar {
		float: left;
		width: 320px;
	}
	.bar-wrapper {
		max-width: 1100px;
		margin: 0 auto;
	}
	.bar-wrapper.has-sidebar {
		max-width: 1430px;
	}
	.mainbar {
		margin: 0;
		padding-right: 1px;
	}
	.mainbar.has-sidebar {
		margin-left: 330px;
	}
	@media (min-width: 1511px) {
		.sidebar {
			width: 400px;
		}
		.bar-wrapper.has-sidebar {
			max-width: 1510px;
		}
		.mainbar.has-sidebar {
			margin-left: 410px;
		}
	}
	.section.first-section {
		margin-top: 9px;
	}
	.blocklink small {
		white-space: normal;
	}
	.button {
		vertical-align: middle;
	}
	.replay-controls {
		padding-top: 10px;
	}
	.replay-controls h1 {
		font-size: 16pt;
		font-weight: normal;
		color: #CCC;
	}
	.pagelink {
		text-align: center;
	}
	.pagelink a {
		width: 150px;
	}
	.textbox, .button {
		font-size: 11pt;
		vertical-align: middle;
	}
	@media (max-width: 450px) {
		.button {
			font-size: 9pt;
		}
	}
</style>

<div>

	<header>
		<div class="nav-wrapper"><ul class="nav">
			<li><a class="button nav-first" href="//pokemonshowdown.com/"><img src="//pokemonshowdown.com/images/pokemonshowdownbeta.png" srcset="//pokemonshowdown.com/images/pokemonshowdownbeta.png 1x, //pokemonshowdown.com/images/pokemonshowdownbeta@2x.png 2x" alt="Pok&eacute;mon Showdown" width="146" height="44" /> Home</a></li>
			<li><a class="button" href="//pokemonshowdown.com/dex/">Pok&eacute;dex</a></li>
			<li><a class="button cur" href="/">Replays</a></li>
			<li><a class="button" href="//pokemonshowdown.com/ladder/">Ladder</a></li>
			<li><a class="button nav-last" href="//pokemonshowdown.com/forums/">Forum</a></li>
			<li><a class="button greenbutton nav-first nav-last" href="//play.pokemonshowdown.com/">Play</a></li>
		</ul></div>
	</header>

	<div class="main" id="main">

		<noscript><section class="section">You need to enable JavaScript to use this page; sorry!</section></noscript>

	</div>

</div>

<script defer nomodule src="//play.pokemonshowdown.com/js/lib/ps-polyfill.js"></script>
<script defer src="//play.pokemonshowdown.com/js/lib/preact.min.js"></script>

<script defer src="//play.pokemonshowdown.com/config/config.js?6dec07f6"></script>
<script defer src="//play.pokemonshowdown.com/js/lib/jquery-1.11.0.min.js"></script>
<script defer src="//play.pokemonshowdown.com/js/lib/html-sanitizer-minified.js"></script>
<script defer src="//play.pokemonshowdown.com/js/battle-sound.js"></script>
<script defer src="//play.pokemonshowdown.com/js/battledata.js?0.6315294753075389"></script>
<script defer src="//play.pokemonshowdown.com/data/pokedex-mini.js?0.7603743185311358"></script>
<script defer src="//play.pokemonshowdown.com/data/pokedex-mini-bw.js?0.030888842834281283"></script>
<script defer src="//play.pokemonshowdown.com/data/graphics.js?0.05593094747507488"></script>
<script defer src="//play.pokemonshowdown.com/data/pokedex.js?0.47064822249611904"></script>
<script defer src="//play.pokemonshowdown.com/data/moves.js?0.8583693120512459"></script>
<script defer src="//play.pokemonshowdown.com/data/abilities.js?0.16017181182386842"></script>
<script defer src="//play.pokemonshowdown.com/data/items.js?0.4163379185673943"></script>
<script defer src="//play.pokemonshowdown.com/data/teambuilder-tables.js?0.31075597372830477"></script>
<script defer src="//play.pokemonshowdown.com/js/battle-tooltips.js?0.6536193500708172"></script>
<script defer src="//play.pokemonshowdown.com/js/battle.js?0.1916591943277901"></script>

<script defer src="js/utils.js?e31f9a17"></script>
<script defer src="js/replays-battle.js?7008c182"></script>

<!-- don't scrape this data! just add .json or .log after the URL!
Full API docs: https://github.com/smogon/pokemon-showdown-client/blob/master/WEB-API.md -->
<script type="text/plain" class="log" id="replaylog-smogtours-gen3ou-800414">
|inactive|Battle timer is ON: inactive players will automatically lose when time's up.
|t:|1729437302
|gametype|singles
|player|p1|AutumnMint|riley|
|player|p2|bluesenergy00|red|
|teamsize|p1|6
|teamsize|p2|6
|gen|3
|tier|[Gen 3] OU
|rule|Sleep Clause Mod: Limit one foe put to sleep
|rule|Switch Priority Clause Mod: Faster Pokémon switch first
|rule|Species Clause: Limit one of each Pokémon
|rule|OHKO Clause: OHKO moves are banned
|rule|Evasion Items Clause: Evasion items are banned
|rule|Evasion Moves Clause: Evasion moves are banned
|rule|Endless Battle Clause: Forcing endless battles is banned
|rule|HP Percentage Mod: HP is shown in percentages
|rule|One Boost Passer Clause: Limit one Baton Passer that has a way to boost its stats
|rule|Freeze Clause Mod: Limit one foe frozen
|
|t:|1729437302
|start
|switch|p1a: Suicune|Suicune|100/100
|switch|p2a: Dwarf Spider Droid|Metagross, shiny|100/100
|turn|1
|c|☆bluesenergy00|Hf
|inactive|AutumnMint has 270 seconds left.
|c|☆AutumnMint|glhf!
|
|t:|1729437349
|move|p1a: Suicune|Calm Mind|p1a: Suicune
|-boost|p1a: Suicune|spa|1
|-boost|p1a: Suicune|spd|1
|move|p2a: Dwarf Spider Droid|Explosion|p1a: Suicune
|-damage|p1a: Suicune|0 fnt
|faint|p2a: Dwarf Spider Droid
|faint|p1a: Suicune
|
|t:|1729437360
|switch|p1a: Metagross|Metagross|100/100
|switch|p2a: IG-100 Magnaguard|Heracross, M, shiny|100/100
|
|upkeep
|turn|2
|
|t:|1729437368
|move|p2a: IG-100 Magnaguard|Substitute|p2a: IG-100 Magnaguard
|-start|p2a: IG-100 Magnaguard|Substitute
|-damage|p2a: IG-100 Magnaguard|76/100
|move|p1a: Metagross|Meteor Mash|p2a: IG-100 Magnaguard
|-end|p2a: IG-100 Magnaguard|Substitute
|
|-heal|p2a: IG-100 Magnaguard|82/100|[from] item: Leftovers
|upkeep
|turn|3
|
|t:|1729437384
|move|p2a: IG-100 Magnaguard|Substitute|p2a: IG-100 Magnaguard
|-start|p2a: IG-100 Magnaguard|Substitute
|-damage|p2a: IG-100 Magnaguard|57/100
|move|p1a: Metagross|Meteor Mash|p2a: IG-100 Magnaguard
|-end|p2a: IG-100 Magnaguard|Substitute
|-boost|p1a: Metagross|atk|1
|
|-heal|p2a: IG-100 Magnaguard|63/100|[from] item: Leftovers
|upkeep
|turn|4
|
|t:|1729437392
|move|p2a: IG-100 Magnaguard|Substitute|p2a: IG-100 Magnaguard
|-start|p2a: IG-100 Magnaguard|Substitute
|-damage|p2a: IG-100 Magnaguard|38/100
|move|p1a: Metagross|Meteor Mash|p2a: IG-100 Magnaguard
|-end|p2a: IG-100 Magnaguard|Substitute
|-boost|p1a: Metagross|atk|1
|
|-heal|p2a: IG-100 Magnaguard|44/100|[from] item: Leftovers
|upkeep
|turn|5
|
|t:|1729437403
|move|p2a: IG-100 Magnaguard|Megahorn|p1a: Metagross
|-damage|p1a: Metagross|42/100
|move|p1a: Metagross|Meteor Mash|p2a: IG-100 Magnaguard|[miss]
|-miss|p1a: Metagross|p2a: IG-100 Magnaguard
|
|-heal|p2a: IG-100 Magnaguard|50/100|[from] item: Leftovers
|upkeep
|turn|6
|c|☆AutumnMint|no shot lmao
|
|t:|1729437427
|switch|p1a: Salamence|Salamence, M|100/100
|-ability|p1a: Salamence|Intimidate|boost
|-unboost|p2a: IG-100 Magnaguard|atk|1
|move|p2a: IG-100 Magnaguard|Megahorn|p1a: Salamence
|-resisted|p1a: Salamence
|-damage|p1a: Salamence|72/100
|
|-heal|p1a: Salamence|78/100|[from] item: Leftovers
|-heal|p2a: IG-100 Magnaguard|56/100|[from] item: Leftovers
|upkeep
|turn|7
|inactive|bluesenergy00 has 270 seconds left.
|inactive|AutumnMint has 270 seconds left.
|
|t:|1729437455
|switch|p1a: Snorlax|Snorlax, F|100/100
|switch|p2a: Droideka|Swampert, F|100/100
|
|upkeep
|turn|8
|inactive|bluesenergy00 has 270 seconds left.
|inactive|AutumnMint has 270 seconds left.
|
|t:|1729437475
|switch|p2a: Super Battle Droid|Tyranitar, F|100/100
|-weather|Sandstorm|[from] ability: Sand Stream|[of] p2a: Super Battle Droid
|move|p1a: Snorlax|Body Slam|p2a: Super Battle Droid
|-resisted|p2a: Super Battle Droid
|-damage|p2a: Super Battle Droid|81/100
|
|-weather|Sandstorm|[upkeep]
|-damage|p1a: Snorlax|94/100|[from] Sandstorm
|-heal|p1a: Snorlax|100/100|[from] item: Leftovers
|upkeep
|turn|9
|inactive|AutumnMint has 270 seconds left.
|
|t:|1729437491
|move|p2a: Super Battle Droid|Rock Slide|p1a: Snorlax
|-damage|p1a: Snorlax|65/100
|cant|p1a: Snorlax|flinch
|
|-weather|Sandstorm|[upkeep]
|-damage|p1a: Snorlax|59/100|[from] Sandstorm
|-heal|p1a: Snorlax|65/100|[from] item: Leftovers
|upkeep
|turn|10
|
|t:|1729437497
|move|p2a: Super Battle Droid|Rock Slide|p1a: Snorlax
|-damage|p1a: Snorlax|28/100
|cant|p1a: Snorlax|flinch
|
|-weather|Sandstorm|[upkeep]
|-damage|p1a: Snorlax|22/100|[from] Sandstorm
|-heal|p1a: Snorlax|28/100|[from] item: Leftovers
|upkeep
|turn|11
|inactive|bluesenergy00 has 270 seconds left.
|
|t:|1729437509
|switch|p1a: Magneton|Magneton|100/100
|move|p2a: Super Battle Droid|Earthquake|p1a: Magneton
|-supereffective|p1a: Magneton
|-crit|p1a: Magneton
|-damage|p1a: Magneton|0 fnt
|faint|p1a: Magneton
|
|t:|1729437515
|switch|p1a: Salamence|Salamence, M|78/100
|-ability|p1a: Salamence|Intimidate|boost
|-unboost|p2a: Super Battle Droid|atk|1
|
|-weather|Sandstorm|[upkeep]
|-damage|p1a: Salamence|72/100|[from] Sandstorm
|-heal|p1a: Salamence|78/100|[from] item: Leftovers
|upkeep
|turn|12
|
|t:|1729437523
|switch|p2a: Droideka|Swampert, F|100/100
|move|p1a: Salamence|Brick Break|p2a: Droideka
|-damage|p2a: Droideka|75/100
|
|-weather|Sandstorm|[upkeep]
|-damage|p1a: Salamence|72/100|[from] Sandstorm
|-heal|p1a: Salamence|78/100|[from] item: Leftovers
|upkeep
|turn|13
|
|t:|1729437537
|switch|p2a: B1 Battle Droid|Jirachi|100/100
|move|p1a: Salamence|Hidden Power|p2a: B1 Battle Droid
|-resisted|p2a: B1 Battle Droid
|-damage|p2a: B1 Battle Droid|89/100
|
|-weather|Sandstorm|[upkeep]
|-damage|p1a: Salamence|72/100|[from] Sandstorm
|-heal|p2a: B1 Battle Droid|95/100|[from] item: Leftovers
|-heal|p1a: Salamence|78/100|[from] item: Leftovers
|upkeep
|turn|14
|
|t:|1729437552
|move|p2a: B1 Battle Droid|Calm Mind|p2a: B1 Battle Droid
|-boost|p2a: B1 Battle Droid|spa|1
|-boost|p2a: B1 Battle Droid|spd|1
|move|p1a: Salamence|Fire Blast|p2a: B1 Battle Droid
|-supereffective|p2a: B1 Battle Droid
|-damage|p2a: B1 Battle Droid|37/100
|
|-weather|Sandstorm|[upkeep]
|-damage|p1a: Salamence|72/100|[from] Sandstorm
|-heal|p2a: B1 Battle Droid|44/100|[from] item: Leftovers
|-heal|p1a: Salamence|78/100|[from] item: Leftovers
|upkeep
|turn|15
|
|t:|1729437563
|move|p2a: B1 Battle Droid|Psychic|p1a: Salamence
|-damage|p1a: Salamence|0 fnt
|faint|p1a: Salamence
|
|t:|1729437586
|switch|p1a: Heracross|Heracross, M|100/100
|
|-weather|Sandstorm|[upkeep]
|-damage|p1a: Heracross|94/100|[from] Sandstorm
|-heal|p2a: B1 Battle Droid|50/100|[from] item: Leftovers
|upkeep
|turn|16
|
|t:|1729437592
|move|p2a: B1 Battle Droid|Psychic|p1a: Heracross
|-supereffective|p1a: Heracross
|-damage|p1a: Heracross|0 fnt
|faint|p1a: Heracross
|c|☆bluesenergy00|Gg
|c|☆AutumnMint|gg
|-message|AutumnMint forfeited.
|
|win|bluesenergy00
|player|p1|

</script>
<script type="application/json" class="data" id="replaydata-smogtours-gen3ou-800414">
{"id":"smogtours-gen3ou-800414","format":"[Gen 3] OU","players":["AutumnMint","bluesenergy00"],"uploadtime":1729437603,"views":138,"formatid":"gen3ou","rating":null,"private":0,"password":null}
</script>

<script defer src="js/replays.js?9d40a366"></script>
