<!DOCTYPE html>
<meta charset="utf-8" />
<meta name="viewport" content="width=device-width" />

<title>[Gen 3] OU: gorditoconbigote vs. zacpz - Replays - Pok&eacute;mon Showdown!</title>

<meta name="description" content="Watch a replay of a Pok&eacute;mon battle between gorditoconbigote and zacpz! Format: [Gen 3] OU; Date: Oct 29, 2024" />
<!--

Hey, you! Looking in the source for the replay log?

You can find them in JSON format, just add `.json` at the end of a replay URL.

https://replay.pokemonshowdown.com/gen7randomdoublesbattle-865046831.json

Or, if you only need the log itself, add `.log` instead:

https://replay.pokemonshowdown.com/gen7randomdoublesbattle-865046831.log

-->

<link rel="stylesheet" href="//pokemonshowdown.com/style/global.css?0.023195364461161105" />
<link rel="stylesheet" href="//play.pokemonshowdown.com/style/font-awesome.css?0.13261647063804238" />
<link rel="stylesheet" href="//play.pokemonshowdown.com/style/battle.css?0.8753245789963631" />
<link rel="stylesheet" href="//play.pokemonshowdown.com/style/utilichart.css?0.8627959624976733" />

<!-- Global site tag (gtag.js) - Google Analytics -->
<script async src="https://www.googletagmanager.com/gtag/js?id=UA-26211653-1"></script>
<script>
  window.dataLayer = window.dataLayer || [];
  function gtag(){dataLayer.push(arguments);}
  gtag('js', new Date());

  gtag('config', 'UA-26211653-1');
</script>
<!-- End Google Analytics -->
<!-- Venatus Ad Manager - Install in <HEAD> of page -->
	<script src="https://hb.vntsm.com/v3/live/ad-manager.min.js" type="text/javascript" data-site-id="642aba63ec9a7b11c3c9c1be" data-mode="scan" async></script>
<!-- / Venatus Ad Manager -->

<style>
	@media (max-width:820px) {
		.battle {
			margin: 0 auto;
		}
		.battle-log {
			margin: 7px auto 0;
			max-width: 640px;
			height: 300px;
			position: static;
		}
	}
	.optgroup {
		display: inline-block;
		line-height: 22px;
		font-size: 10pt;
	}
	.optgroup .button {
		height: 25px;
		padding-top: 0;
		padding-bottom: 0;
	}
	.optgroup button.button {
		padding-left: 12px;
		padding-right: 12px;
	}
	.linklist {
		list-style: none;
		margin: 0.5em 0;
		padding: 0;
	}
	.linklist li {
		padding: 2px 0;
	}
	.sidebar {
		float: left;
		width: 320px;
	}
	.bar-wrapper {
		max-width: 1100px;
		margin: 0 auto;
	}
	.bar-wrapper.has-sidebar {
		max-width: 1430px;
	}
	.mainbar {
		margin: 0;
		padding-right: 1px;
	}
	.mainbar.has-sidebar {
		margin-left: 330px;
	}
	@media (min-width: 1511px) {
		.sidebar {
			width: 400px;
		}
		.bar-wrapper.has-sidebar {
			max-width: 1510px;
		}
		.mainbar.has-sidebar {
			margin-left: 410px;
		}
	}
	.section.first-section {
		margin-top: 9px;
	}
	.blocklink small {
		white-space: normal;
	}
	.button {
		vertical-align: middle;
	}
	.replay-controls {
		padding-top: 10px;
	}
	.replay-controls h1 {
		font-size: 16pt;
		font-weight: normal;
		color: #CCC;
	}
	.pagelink {
		text-align: center;
	}
	.pagelink a {
		width: 150px;
	}
	.textbox, .button {
		font-size: 11pt;
		vertical-align: middle;
	}
	@media (max-width: 450px) {
		.button {
			font-size: 9pt;
		}
	}
</style>

<div>

	<header>
		<div class="nav-wrapper"><ul class="nav">
			<li><a class="button nav-first" href="//pokemonshowdown.com/"><img src="//pokemonshowdown.com/images/pokemonshowdownbeta.png" srcset="//pokemonshowdown.com/images/pokemonshowdownbeta.png 1x, //pokemonshowdown.com/images/pokemonshowdownbeta@2x.png 2x" alt="Pok&eacute;mon Showdown" width="146" height="44" /> Home</a></li>
			<li><a class="button" href="//pokemonshowdown.com/dex/">Pok&eacute;dex</a></li>
			<li><a class="button cur" href="/">Replays</a></li>
			<li><a class="button" href="//pokemonshowdown.com/ladder/">Ladder</a></li>
			<li><a class="button nav-last" href="//pokemonshowdown.com/forums/">Forum</a></li>
			<li><a class="button greenbutton nav-first nav-last" href="//play.pokemonshowdown.com/">Play</a></li>
		</ul></div>
	</header>

	<div class="main" id="main">

		<noscript><section class="section">You need to enable JavaScript to use this page; sorry!</section></noscript>

	</div>

</div>

<script defer nomodule src="//play.pokemonshowdown.com/js/lib/ps-polyfill.js"></script>
<script defer src="//play.pokemonshowdown.com/js/lib/preact.min.js"></script>

<script defer src="//play.pokemonshowdown.com/config/config.js?2bddbc15"></script>
<script defer src="//play.pokemonshowdown.com/js/lib/jquery-1.11.0.min.js"></script>
<script defer src="//play.pokemonshowdown.com/js/lib/html-sanitizer-minified.js"></script>
<script defer src="//play.pokemonshowdown.com/js/battle-sound.js"></script>
<script defer src="//play.pokemonshowdown.com/js/battledata.js?0.7209276989879541"></script>
<script defer src="//play.pokemonshowdown.com/data/pokedex-mini.js?0.6111056340867951"></script>
<script defer src="//play.pokemonshowdown.com/data/pokedex-mini-bw.js?0.3532142036491459"></script>
<script defer src="//play.pokemonshowdown.com/data/graphics.js?0.24223875632456182"></script>
<script defer src="//play.pokemonshowdown.com/data/pokedex.js?0.38839984266356864"></script>
<script defer src="//play.pokemonshowdown.com/data/moves.js?0.21866028504024015"></script>
<script defer src="//play.pokemonshowdown.com/data/abilities.js?0.2005157953846628"></script>
<script defer src="//play.pokemonshowdown.com/data/items.js?0.9894211263848525"></script>
<script defer src="//play.pokemonshowdown.com/data/teambuilder-tables.js?0.6008791140282215"></script>
<script defer src="//play.pokemonshowdown.com/js/battle-tooltips.js?0.7580118955022959"></script>
<script defer src="//play.pokemonshowdown.com/js/battle.js?0.6057722274234274"></script>

<script defer src="js/utils.js?e31f9a17"></script>
<script defer src="js/replays-battle.js?7008c182"></script>

<!-- don't scrape this data! just add .json or .log after the URL!
Full API docs: https://github.com/smogon/pokemon-showdown-client/blob/master/WEB-API.md -->
<script type="text/plain" class="log" id="replaylog-smogtours-gen3ou-803383">
|inactive|Battle timer is ON: inactive players will automatically lose when time's up.
|t:|1730244079
|gametype|singles
|player|p1|gorditoconbigote|170|
|player|p2|zacpz|#roaplxyorknewyanma|
|teamsize|p1|6
|teamsize|p2|6
|gen|3
|tier|[Gen 3] OU
|rule|Sleep Clause Mod: Limit one foe put to sleep
|rule|Switch Priority Clause Mod: Faster Pokémon switch first
|rule|Species Clause: Limit one of each Pokémon
|rule|OHKO Clause: OHKO moves are banned
|rule|Evasion Items Clause: Evasion items are banned
|rule|Evasion Moves Clause: Evasion moves are banned
|rule|Endless Battle Clause: Forcing endless battles is banned
|rule|HP Percentage Mod: HP is shown in percentages
|rule|One Boost Passer Clause: Limit one Baton Passer that has a way to boost its stats
|rule|Freeze Clause Mod: Limit one foe frozen
|
|t:|1730244079
|start
|switch|p1a: Zapdos|Zapdos|100/100
|switch|p2a: Zapdos|Zapdos|100/100
|turn|1
|c|☆zacpz|hf
|
|t:|1730244106
|move|p2a: Zapdos|Thunder Wave|p1a: Zapdos
|-status|p1a: Zapdos|par
|cant|p1a: Zapdos|par
|
|upkeep
|turn|2
|c|☆gorditoconbigote|glhf!
|c|☆zacpz|my b
|
|t:|1730244115
|switch|p2a: Claydol|Claydol|100/100
|move|p1a: Zapdos|Toxic|p2a: Claydol
|-status|p2a: Claydol|tox
|
|-damage|p2a: Claydol|94/100 tox|[from] psn
|upkeep
|turn|3
|
|t:|1730244128
|switch|p1a: Skarmory|Skarmory, M|100/100
|move|p2a: Claydol|Psychic|p1a: Skarmory
|-resisted|p1a: Skarmory
|-damage|p1a: Skarmory|89/100
|
|-heal|p1a: Skarmory|95/100|[from] item: Leftovers
|-heal|p2a: Claydol|100/100 tox|[from] item: Leftovers
|-damage|p2a: Claydol|88/100 tox|[from] psn
|upkeep
|turn|4
|
|t:|1730244138
|switch|p1a: Zapdos|Zapdos|100/100 par
|switch|p2a: Zapdos|Zapdos|100/100
|
|upkeep
|turn|5
|
|t:|1730244144
|move|p2a: Zapdos|Thunderbolt|p1a: Zapdos
|-damage|p1a: Zapdos|69/100 par
|move|p1a: Zapdos|Thunderbolt|p2a: Zapdos
|-crit|p2a: Zapdos
|-damage|p2a: Zapdos|15/100
|
|-heal|p2a: Zapdos|21/100|[from] item: Leftovers
|-heal|p1a: Zapdos|75/100 par|[from] item: Leftovers
|upkeep
|turn|6
|c|☆gorditoconbigote|sowwy
|
|t:|1730244155
|switch|p2a: Claydol|Claydol|88/100 tox
|move|p1a: Zapdos|Thunderbolt|p2a: Claydol
|-immune|p2a: Claydol
|
|-heal|p2a: Claydol|94/100 tox|[from] item: Leftovers
|-damage|p2a: Claydol|88/100 tox|[from] psn
|-heal|p1a: Zapdos|81/100 par|[from] item: Leftovers
|upkeep
|turn|7
|c|☆zacpz|all g
|
|t:|1730244166
|switch|p2a: Suicune|Suicune|100/100
|switch|p1a: Claydol|Claydol|100/100
|
|upkeep
|turn|8
|
|t:|1730244173
|switch|p1a: Celebi|Celebi|100/100
|move|p2a: Suicune|Hydro Pump|p1a: Celebi
|-resisted|p1a: Celebi
|-damage|p1a: Celebi|78/100
|
|-heal|p1a: Celebi|84/100|[from] item: Leftovers
|upkeep
|turn|9
|
|t:|1730244177
|move|p2a: Suicune|Toxic|p1a: Celebi
|-status|p1a: Celebi|tox
|move|p1a: Celebi|Leech Seed|p2a: Suicune
|-start|p2a: Suicune|move: Leech Seed
|
|-damage|p2a: Suicune|88/100|[from] Leech Seed|[of] p1a: Celebi
|-heal|p1a: Celebi|96/100 tox|[silent]
|-heal|p1a: Celebi|100/100 tox|[from] item: Leftovers
|-damage|p1a: Celebi|94/100 tox|[from] psn
|upkeep
|turn|10
|
|t:|1730244184
|switch|p2a: Metagross|Metagross|100/100
|-curestatus|p1a: Celebi|tox|[from] ability: Natural Cure
|switch|p1a: Skarmory|Skarmory, M|95/100
|
|-heal|p1a: Skarmory|100/100|[from] item: Leftovers
|upkeep
|turn|11
|
|t:|1730244208
|switch|p2a: Zapdos|Zapdos|21/100
|move|p1a: Skarmory|Protect||[still]
|-fail|p1a: Skarmory
|
|-heal|p2a: Zapdos|27/100|[from] item: Leftovers
|upkeep
|turn|12
|
|t:|1730244215
|switch|p1a: Claydol|Claydol|100/100
|move|p2a: Zapdos|Toxic|p1a: Claydol
|-status|p1a: Claydol|tox
|
|-heal|p2a: Zapdos|33/100|[from] item: Leftovers
|-damage|p1a: Claydol|94/100 tox|[from] psn
|upkeep
|turn|13
|
|t:|1730244223
|switch|p2a: Suicune|Suicune|88/100
|move|p1a: Claydol|Shadow Ball|p2a: Suicune
|-damage|p2a: Suicune|72/100
|
|-heal|p2a: Suicune|78/100|[from] item: Leftovers
|-heal|p1a: Claydol|100/100 tox|[from] item: Leftovers
|-damage|p1a: Claydol|88/100 tox|[from] psn
|upkeep
|turn|14
|
|t:|1730244235
|switch|p1a: Celebi|Celebi|94/100
|move|p2a: Suicune|Calm Mind|p2a: Suicune
|-boost|p2a: Suicune|spa|1
|-boost|p2a: Suicune|spd|1
|
|-heal|p2a: Suicune|84/100|[from] item: Leftovers
|-heal|p1a: Celebi|100/100|[from] item: Leftovers
|upkeep
|turn|15
|
|t:|1730244238
|move|p2a: Suicune|Ice Beam|p1a: Celebi
|-supereffective|p1a: Celebi
|-damage|p1a: Celebi|38/100
|-status|p1a: Celebi|frz
|cant|p1a: Celebi|frz
|
|-heal|p2a: Suicune|90/100|[from] item: Leftovers
|-heal|p1a: Celebi|44/100 frz|[from] item: Leftovers
|upkeep
|turn|16
|c|☆zacpz|sorry
|
|t:|1730244245
|-curestatus|p1a: Celebi|frz|[from] ability: Natural Cure
|switch|p1a: Skarmory|Skarmory, M|100/100
|move|p2a: Suicune|Calm Mind|p2a: Suicune
|-boost|p2a: Suicune|spa|1
|-boost|p2a: Suicune|spd|1
|
|-heal|p2a: Suicune|96/100|[from] item: Leftovers
|upkeep
|turn|17
|
|t:|1730244251
|move|p2a: Suicune|Hydro Pump|p1a: Skarmory
|-damage|p1a: Skarmory|0 fnt
|faint|p1a: Skarmory
|c|☆gorditoconbigote|DALEEEE
|c|☆zacpz|rip dale
|
|t:|1730244264
|switch|p1a: Zapdos|Zapdos|81/100 par
|
|-heal|p2a: Suicune|100/100|[from] item: Leftovers
|-heal|p1a: Zapdos|87/100 par|[from] item: Leftovers
|upkeep
|turn|18
|
|t:|1730244269
|move|p2a: Suicune|Ice Beam|p1a: Zapdos
|-supereffective|p1a: Zapdos
|-damage|p1a: Zapdos|8/100 par
|move|p1a: Zapdos|Roar|p2a: Suicune
|drag|p2a: Heracross|Heracross, M|100/100
|
|-heal|p1a: Zapdos|14/100 par|[from] item: Leftovers
|upkeep
|turn|19
|
|t:|1730244279
|switch|p1a: Jirachi|Jirachi|100/100
|move|p2a: Heracross|Rock Slide|p1a: Jirachi
|-resisted|p1a: Jirachi
|-damage|p1a: Jirachi|90/100
|
|-heal|p1a: Jirachi|96/100|[from] item: Leftovers
|upkeep
|turn|20
|
|t:|1730244284
|move|p1a: Jirachi|Fire Punch|p2a: Heracross
|-supereffective|p2a: Heracross
|-damage|p2a: Heracross|66/100
|move|p2a: Heracross|Megahorn|p1a: Jirachi
|-damage|p1a: Jirachi|46/100
|
|-heal|p1a: Jirachi|52/100|[from] item: Leftovers
|-heal|p2a: Heracross|72/100|[from] item: Leftovers
|upkeep
|turn|21
|
|t:|1730244289
|move|p1a: Jirachi|Wish|p1a: Jirachi
|move|p2a: Heracross|Swords Dance|p2a: Heracross
|-boost|p2a: Heracross|atk|2
|
|-heal|p1a: Jirachi|58/100|[from] item: Leftovers
|-heal|p2a: Heracross|78/100|[from] item: Leftovers
|upkeep
|turn|22
|
|t:|1730244299
|switch|p1a: Zapdos|Zapdos|14/100 par
|move|p2a: Heracross|Megahorn|p1a: Zapdos
|-resisted|p1a: Zapdos
|-damage|p1a: Zapdos|0 fnt
|faint|p1a: Zapdos
|
|t:|1730244303
|switch|p1a: Jirachi|Jirachi|58/100
|
|-heal|p1a: Jirachi|100/100|[from] move: Wish|[wisher] Jirachi
|-heal|p2a: Heracross|84/100|[from] item: Leftovers
|upkeep
|turn|23
|
|t:|1730244306
|move|p1a: Jirachi|Fire Punch|p2a: Heracross
|-supereffective|p2a: Heracross
|-damage|p2a: Heracross|47/100
|-status|p2a: Heracross|brn
|move|p2a: Heracross|Megahorn|p1a: Jirachi
|-damage|p1a: Jirachi|0 fnt
|faint|p1a: Jirachi
|
|t:|1730244318
|switch|p1a: Claydol|Claydol|88/100 tox
|
|-heal|p2a: Heracross|54/100 brn|[from] item: Leftovers
|-damage|p2a: Heracross|41/100 brn|[from] brn
|-heal|p1a: Claydol|94/100 tox|[from] item: Leftovers
|-damage|p1a: Claydol|88/100 tox|[from] psn
|upkeep
|turn|24
|
|t:|1730244324
|move|p2a: Heracross|Megahorn|p1a: Claydol
|-supereffective|p1a: Claydol
|-damage|p1a: Claydol|0 fnt
|faint|p1a: Claydol
|c|☆gorditoconbigote|just rip dale
|c|☆gorditoconbigote|what an awful game
|c|☆gorditoconbigote|ggwp
|-message|gorditoconbigote forfeited.
|
|win|zacpz
|c|☆zacpz|ggs
|c|☆zacpz|sorry for the haxy turns

</script>
<script type="application/json" class="data" id="replaydata-smogtours-gen3ou-803383">
{"id":"smogtours-gen3ou-803383","format":"[Gen 3] OU","players":["gorditoconbigote","zacpz"],"uploadtime":1730244335,"views":67,"formatid":"gen3ou","rating":null,"private":0,"password":null}
</script>

<script defer src="js/replays.js?9d40a366"></script>
