<!DOCTYPE html>
<meta charset="utf-8" />
<meta name="viewport" content="width=device-width" />

<title>[Gen 3] OU: AC77 vs. drby - Replays - Pok&eacute;mon Showdown!</title>

<meta name="description" content="Watch a replay of a Pok&eacute;mon battle between AC77 and drby! Format: [Gen 3] OU; Date: Oct 16, 2024" />
<!--

Hey, you! Looking in the source for the replay log?

You can find them in JSON format, just add `.json` at the end of a replay URL.

https://replay.pokemonshowdown.com/gen7randomdoublesbattle-865046831.json

Or, if you only need the log itself, add `.log` instead:

https://replay.pokemonshowdown.com/gen7randomdoublesbattle-865046831.log

-->

<link rel="stylesheet" href="//pokemonshowdown.com/style/global.css?0.023195364461161105" />
<link rel="stylesheet" href="//play.pokemonshowdown.com/style/font-awesome.css?0.13261647063804238" />
<link rel="stylesheet" href="//play.pokemonshowdown.com/style/battle.css?0.8753245789963631" />
<link rel="stylesheet" href="//play.pokemonshowdown.com/style/utilichart.css?0.8627959624976733" />

<!-- Global site tag (gtag.js) - Google Analytics -->
<script async src="https://www.googletagmanager.com/gtag/js?id=UA-26211653-1"></script>
<script>
  window.dataLayer = window.dataLayer || [];
  function gtag(){dataLayer.push(arguments);}
  gtag('js', new Date());

  gtag('config', 'UA-26211653-1');
</script>
<!-- End Google Analytics -->
<!-- Venatus Ad Manager - Install in <HEAD> of page -->
	<script src="https://hb.vntsm.com/v3/live/ad-manager.min.js" type="text/javascript" data-site-id="642aba63ec9a7b11c3c9c1be" data-mode="scan" async></script>
<!-- / Venatus Ad Manager -->

<style>
	@media (max-width:820px) {
		.battle {
			margin: 0 auto;
		}
		.battle-log {
			margin: 7px auto 0;
			max-width: 640px;
			height: 300px;
			position: static;
		}
	}
	.optgroup {
		display: inline-block;
		line-height: 22px;
		font-size: 10pt;
	}
	.optgroup .button {
		height: 25px;
		padding-top: 0;
		padding-bottom: 0;
	}
	.optgroup button.button {
		padding-left: 12px;
		padding-right: 12px;
	}
	.linklist {
		list-style: none;
		margin: 0.5em 0;
		padding: 0;
	}
	.linklist li {
		padding: 2px 0;
	}
	.sidebar {
		float: left;
		width: 320px;
	}
	.bar-wrapper {
		max-width: 1100px;
		margin: 0 auto;
	}
	.bar-wrapper.has-sidebar {
		max-width: 1430px;
	}
	.mainbar {
		margin: 0;
		padding-right: 1px;
	}
	.mainbar.has-sidebar {
		margin-left: 330px;
	}
	@media (min-width: 1511px) {
		.sidebar {
			width: 400px;
		}
		.bar-wrapper.has-sidebar {
			max-width: 1510px;
		}
		.mainbar.has-sidebar {
			margin-left: 410px;
		}
	}
	.section.first-section {
		margin-top: 9px;
	}
	.blocklink small {
		white-space: normal;
	}
	.button {
		vertical-align: middle;
	}
	.replay-controls {
		padding-top: 10px;
	}
	.replay-controls h1 {
		font-size: 16pt;
		font-weight: normal;
		color: #CCC;
	}
	.pagelink {
		text-align: center;
	}
	.pagelink a {
		width: 150px;
	}
	.textbox, .button {
		font-size: 11pt;
		vertical-align: middle;
	}
	@media (max-width: 450px) {
		.button {
			font-size: 9pt;
		}
	}
</style>

<div>

	<header>
		<div class="nav-wrapper"><ul class="nav">
			<li><a class="button nav-first" href="//pokemonshowdown.com/"><img src="//pokemonshowdown.com/images/pokemonshowdownbeta.png" srcset="//pokemonshowdown.com/images/pokemonshowdownbeta.png 1x, //pokemonshowdown.com/images/pokemonshowdownbeta@2x.png 2x" alt="Pok&eacute;mon Showdown" width="146" height="44" /> Home</a></li>
			<li><a class="button" href="//pokemonshowdown.com/dex/">Pok&eacute;dex</a></li>
			<li><a class="button cur" href="/">Replays</a></li>
			<li><a class="button" href="//pokemonshowdown.com/ladder/">Ladder</a></li>
			<li><a class="button nav-last" href="//pokemonshowdown.com/forums/">Forum</a></li>
			<li><a class="button greenbutton nav-first nav-last" href="//play.pokemonshowdown.com/">Play</a></li>
		</ul></div>
	</header>

	<div class="main" id="main">

		<noscript><section class="section">You need to enable JavaScript to use this page; sorry!</section></noscript>

	</div>

</div>

<script defer nomodule src="//play.pokemonshowdown.com/js/lib/ps-polyfill.js"></script>
<script defer src="//play.pokemonshowdown.com/js/lib/preact.min.js"></script>

<script defer src="//play.pokemonshowdown.com/config/config.js?2bddbc15"></script>
<script defer src="//play.pokemonshowdown.com/js/lib/jquery-1.11.0.min.js"></script>
<script defer src="//play.pokemonshowdown.com/js/lib/html-sanitizer-minified.js"></script>
<script defer src="//play.pokemonshowdown.com/js/battle-sound.js"></script>
<script defer src="//play.pokemonshowdown.com/js/battledata.js?0.7209276989879541"></script>
<script defer src="//play.pokemonshowdown.com/data/pokedex-mini.js?0.6111056340867951"></script>
<script defer src="//play.pokemonshowdown.com/data/pokedex-mini-bw.js?0.3532142036491459"></script>
<script defer src="//play.pokemonshowdown.com/data/graphics.js?0.24223875632456182"></script>
<script defer src="//play.pokemonshowdown.com/data/pokedex.js?0.38839984266356864"></script>
<script defer src="//play.pokemonshowdown.com/data/moves.js?0.21866028504024015"></script>
<script defer src="//play.pokemonshowdown.com/data/abilities.js?0.2005157953846628"></script>
<script defer src="//play.pokemonshowdown.com/data/items.js?0.9894211263848525"></script>
<script defer src="//play.pokemonshowdown.com/data/teambuilder-tables.js?0.6008791140282215"></script>
<script defer src="//play.pokemonshowdown.com/js/battle-tooltips.js?0.7580118955022959"></script>
<script defer src="//play.pokemonshowdown.com/js/battle.js?0.6057722274234274"></script>

<script defer src="js/utils.js?e31f9a17"></script>
<script defer src="js/replays-battle.js?7008c182"></script>

<!-- don't scrape this data! just add .json or .log after the URL!
Full API docs: https://github.com/smogon/pokemon-showdown-client/blob/master/WEB-API.md -->
<script type="text/plain" class="log" id="replaylog-smogtours-gen3ou-799080">
|inactive|Battle timer is ON: inactive players will automatically lose when time's up.
|t:|1729038495
|gametype|singles
|player|p1|AC77|karen|
|player|p2|drby|pokemonbreeder-gen4|
|teamsize|p1|6
|teamsize|p2|6
|gen|3
|tier|[Gen 3] OU
|rule|Sleep Clause Mod: Limit one foe put to sleep
|rule|Switch Priority Clause Mod: Faster Pokémon switch first
|rule|Species Clause: Limit one of each Pokémon
|rule|OHKO Clause: OHKO moves are banned
|rule|Evasion Items Clause: Evasion items are banned
|rule|Evasion Moves Clause: Evasion moves are banned
|rule|Endless Battle Clause: Forcing endless battles is banned
|rule|HP Percentage Mod: HP is shown in percentages
|rule|One Boost Passer Clause: Limit one Baton Passer that has a way to boost its stats
|rule|Freeze Clause Mod: Limit one foe frozen
|
|t:|1729038495
|start
|switch|p1a: Tyranitar|Tyranitar, F|100/100
|switch|p2a: Jolteon|Jolteon, F|100/100
|-weather|Sandstorm|[from] ability: Sand Stream|[of] p1a: Tyranitar
|turn|1
|inactive|AC77 also wants the timer to be on.
|c|☆AC77|hf
|c|☆drby|u2
|inactive|AC77 has 270 seconds left.
|inactive|AC77 has 240 seconds left.
|
|t:|1729038563
|move|p2a: Jolteon|Baton Pass|p2a: Jolteon
|
|t:|1729038566
|switch|p2a: Forretress|Forretress, M|100/100|[from] Baton Pass
|move|p1a: Tyranitar|Rock Slide|p2a: Forretress
|-damage|p2a: Forretress|74/100
|
|-weather|Sandstorm|[upkeep]
|-heal|p2a: Forretress|80/100|[from] item: Leftovers
|upkeep
|turn|2
|
|t:|1729038584
|-singleturn|p1a: Tyranitar|move: Focus Punch
|move|p2a: Forretress|Earthquake|p1a: Tyranitar
|-supereffective|p1a: Tyranitar
|-damage|p1a: Tyranitar|64/100
|move|p1a: Tyranitar|Focus Punch||[still]
|cant|p1a: Tyranitar|Focus Punch|Focus Punch
|
|-weather|Sandstorm|[upkeep]
|-heal|p1a: Tyranitar|70/100|[from] item: Leftovers
|-heal|p2a: Forretress|87/100|[from] item: Leftovers
|upkeep
|turn|3
|
|t:|1729038594
|-singleturn|p1a: Tyranitar|move: Focus Punch
|move|p2a: Forretress|Spikes|p1a: Tyranitar
|-sidestart|p1: AC77|Spikes
|move|p1a: Tyranitar|Focus Punch|p2a: Forretress
|-damage|p2a: Forretress|56/100
|
|-weather|Sandstorm|[upkeep]
|-heal|p1a: Tyranitar|76/100|[from] item: Leftovers
|-heal|p2a: Forretress|62/100|[from] item: Leftovers
|upkeep
|turn|4
|
|t:|1729038603
|move|p1a: Tyranitar|Rock Slide|p2a: Forretress
|-damage|p2a: Forretress|39/100
|move|p2a: Forretress|Earthquake|p1a: Tyranitar
|-supereffective|p1a: Tyranitar
|-damage|p1a: Tyranitar|39/100
|
|-weather|Sandstorm|[upkeep]
|-heal|p1a: Tyranitar|45/100|[from] item: Leftovers
|-heal|p2a: Forretress|46/100|[from] item: Leftovers
|upkeep
|turn|5
|
|t:|1729038611
|move|p1a: Tyranitar|Rock Slide|p2a: Forretress
|-damage|p2a: Forretress|21/100
|move|p2a: Forretress|Earthquake|p1a: Tyranitar
|-supereffective|p1a: Tyranitar
|-damage|p1a: Tyranitar|11/100
|
|-weather|Sandstorm|[upkeep]
|-heal|p1a: Tyranitar|17/100|[from] item: Leftovers
|-heal|p2a: Forretress|27/100|[from] item: Leftovers
|upkeep
|turn|6
|
|t:|1729038621
|move|p1a: Tyranitar|Rock Slide|p2a: Forretress
|-damage|p2a: Forretress|0 fnt
|faint|p2a: Forretress
|
|t:|1729038631
|switch|p2a: Dugtrio|Dugtrio, M|100/100
|
|-weather|Sandstorm|[upkeep]
|-heal|p1a: Tyranitar|23/100|[from] item: Leftovers
|upkeep
|turn|7
|
|t:|1729038634
|move|p2a: Dugtrio|Earthquake|p1a: Tyranitar
|-supereffective|p1a: Tyranitar
|-damage|p1a: Tyranitar|0 fnt
|faint|p1a: Tyranitar
|
|t:|1729038637
|switch|p1a: Zapdos|Zapdos|100/100
|
|-weather|Sandstorm|[upkeep]
|-damage|p1a: Zapdos|94/100|[from] Sandstorm
|-heal|p1a: Zapdos|100/100|[from] item: Leftovers
|upkeep
|turn|8
|
|t:|1729038652
|switch|p2a: Jolteon|Jolteon, F|100/100
|move|p1a: Zapdos|Thunder Wave|p2a: Jolteon
|-status|p2a: Jolteon|par
|
|-weather|Sandstorm|[upkeep]
|-damage|p1a: Zapdos|94/100|[from] Sandstorm
|-damage|p2a: Jolteon|94/100 par|[from] Sandstorm
|-heal|p1a: Zapdos|100/100|[from] item: Leftovers
|-heal|p2a: Jolteon|100/100 par|[from] item: Leftovers
|upkeep
|turn|9
|
|t:|1729038670
|move|p1a: Zapdos|Baton Pass|p1a: Zapdos
|
|t:|1729038672
|switch|p1a: Celebi|Celebi|100/100|[from] Baton Pass
|-damage|p1a: Celebi|88/100|[from] Spikes
|move|p2a: Jolteon|Thunder Wave|p1a: Celebi
|-status|p1a: Celebi|par
|
|-weather|Sandstorm|[upkeep]
|-damage|p2a: Jolteon|94/100 par|[from] Sandstorm
|-damage|p1a: Celebi|82/100 par|[from] Sandstorm
|-heal|p2a: Jolteon|100/100 par|[from] item: Leftovers
|-heal|p1a: Celebi|88/100 par|[from] item: Leftovers
|upkeep
|turn|10
|inactive|AC77 has 270 seconds left.
|
|t:|1729038711
|cant|p2a: Jolteon|par
|move|p1a: Celebi|Baton Pass|p1a: Celebi
|
|t:|1729038716
|-curestatus|p1a: Celebi|par|[from] ability: Natural Cure
|switch|p1a: Metagross|Metagross|100/100|[from] Baton Pass
|-damage|p1a: Metagross|88/100|[from] Spikes
|
|-weather|Sandstorm|[upkeep]
|-damage|p2a: Jolteon|94/100 par|[from] Sandstorm
|-heal|p1a: Metagross|94/100|[from] item: Leftovers
|-heal|p2a: Jolteon|100/100 par|[from] item: Leftovers
|upkeep
|turn|11
|inactive|AC77 has 270 seconds left.
|inactive|drby has 270 seconds left.
|
|t:|1729038751
|switch|p2a: Breloom|Breloom, M|100/100
|move|p1a: Metagross|Meteor Mash|p2a: Breloom
|-damage|p2a: Breloom|10/100
|
|-weather|Sandstorm|[upkeep]
|-damage|p2a: Breloom|4/100|[from] Sandstorm
|-heal|p2a: Breloom|10/100|[from] item: Leftovers
|-heal|p1a: Metagross|99/100|[from] item: Leftovers
|upkeep
|turn|12
|inactive|AC77 has 270 seconds left.
|inactive|drby has 270 seconds left.
|inactive|AC77 has 240 seconds left.
|
|t:|1729038789
|move|p2a: Breloom|Spore|p1a: Metagross
|-status|p1a: Metagross|slp|[from] move: Spore
|cant|p1a: Metagross|slp
|
|-weather|Sandstorm|[upkeep]
|-damage|p2a: Breloom|4/100|[from] Sandstorm
|-heal|p2a: Breloom|10/100|[from] item: Leftovers
|-heal|p1a: Metagross|100/100 slp|[from] item: Leftovers
|upkeep
|turn|13
|inactive|AC77 has 240 seconds left.
|inactive|drby has 270 seconds left.
|inactive|AC77 has 210 seconds left.
|
|t:|1729038833
|switch|p1a: Celebi|Celebi|88/100
|-damage|p1a: Celebi|76/100|[from] Spikes
|move|p2a: Breloom|Hidden Power|p1a: Celebi
|-supereffective|p1a: Celebi
|-damage|p1a: Celebi|38/100
|
|-weather|Sandstorm|[upkeep]
|-damage|p1a: Celebi|32/100|[from] Sandstorm
|-damage|p2a: Breloom|4/100|[from] Sandstorm
|-heal|p1a: Celebi|38/100|[from] item: Leftovers
|-heal|p2a: Breloom|10/100|[from] item: Leftovers
|upkeep
|turn|14
|inactive|AC77 has 210 seconds left.
|inactive|drby has 270 seconds left.
|
|t:|1729038854
|switch|p2a: Dugtrio|Dugtrio, M|100/100
|move|p1a: Celebi|Hidden Power|p2a: Dugtrio
|-damage|p2a: Dugtrio|65/100
|
|-weather|Sandstorm|[upkeep]
|-damage|p1a: Celebi|32/100|[from] Sandstorm
|-heal|p1a: Celebi|38/100|[from] item: Leftovers
|upkeep
|turn|15
|inactive|drby has 270 seconds left.
|
|t:|1729038861
|move|p2a: Dugtrio|Hidden Power|p1a: Celebi
|-supereffective|p1a: Celebi
|-damage|p1a: Celebi|0 fnt
|faint|p1a: Celebi
|inactive|AC77 has 180 seconds left.
|
|t:|1729038893
|switch|p1a: Suicune|Suicune|100/100
|-damage|p1a: Suicune|88/100|[from] Spikes
|
|-weather|Sandstorm|[upkeep]
|-damage|p1a: Suicune|82/100|[from] Sandstorm
|-heal|p1a: Suicune|88/100|[from] item: Leftovers
|upkeep
|turn|16
|inactive|drby has 270 seconds left.
|
|t:|1729038911
|switch|p2a: Jolteon|Jolteon, F|100/100 par
|move|p1a: Suicune|Calm Mind|p1a: Suicune
|-boost|p1a: Suicune|spa|1
|-boost|p1a: Suicune|spd|1
|
|-weather|Sandstorm|[upkeep]
|-damage|p1a: Suicune|82/100|[from] Sandstorm
|-damage|p2a: Jolteon|94/100 par|[from] Sandstorm
|-heal|p1a: Suicune|88/100|[from] item: Leftovers
|-heal|p2a: Jolteon|100/100 par|[from] item: Leftovers
|upkeep
|turn|17
|inactive|AC77 has 180 seconds left.
|
|t:|1729038937
|move|p1a: Suicune|Hydro Pump|p2a: Jolteon
|-damage|p2a: Jolteon|0 fnt
|faint|p2a: Jolteon
|
|t:|1729038947
|switch|p2a: Gengar|Gengar, M, shiny|100/100
|
|-weather|Sandstorm|[upkeep]
|-damage|p2a: Gengar|94/100|[from] Sandstorm
|-damage|p1a: Suicune|82/100|[from] Sandstorm
|-heal|p2a: Gengar|100/100|[from] item: Leftovers
|-heal|p1a: Suicune|88/100|[from] item: Leftovers
|upkeep
|turn|18
|inactive|AC77 has 180 seconds left.
|
|t:|1729038977
|move|p2a: Gengar|Explosion|p1a: Suicune
|-damage|p1a: Suicune|13/100
|faint|p2a: Gengar
|
|t:|1729038980
|switch|p2a: Dugtrio|Dugtrio, M|65/100
|
|-weather|Sandstorm|[upkeep]
|-damage|p1a: Suicune|7/100|[from] Sandstorm
|-heal|p1a: Suicune|13/100|[from] item: Leftovers
|upkeep
|turn|19
|
|t:|1729038987
|move|p2a: Dugtrio|Rock Slide|p1a: Suicune
|-damage|p1a: Suicune|0 fnt
|faint|p1a: Suicune
|
|t:|1729038992
|switch|p1a: Metagross|Metagross|100/100 slp
|-damage|p1a: Metagross|88/100 slp|[from] Spikes
|
|-weather|Sandstorm|[upkeep]
|-heal|p1a: Metagross|94/100 slp|[from] item: Leftovers
|upkeep
|turn|20
|
|t:|1729039006
|switch|p2a: Breloom|Breloom, M|10/100
|-curestatus|p1a: Metagross|slp|[msg]
|move|p1a: Metagross|Earthquake|p2a: Breloom
|-resisted|p2a: Breloom
|-damage|p2a: Breloom|0 fnt
|faint|p2a: Breloom
|
|t:|1729039020
|switch|p2a: Milotic|Milotic, F, shiny|100/100
|
|-weather|Sandstorm|[upkeep]
|-damage|p2a: Milotic|94/100|[from] Sandstorm
|-heal|p1a: Metagross|99/100|[from] item: Leftovers
|-heal|p2a: Milotic|100/100|[from] item: Leftovers
|upkeep
|turn|21
|inactive|AC77 has 180 seconds left.
|
|t:|1729039064
|switch|p1a: Charizard|Charizard, M|100/100
|move|p2a: Milotic|Ice Beam|p1a: Charizard
|-damage|p1a: Charizard|58/100
|
|-weather|Sandstorm|[upkeep]
|-damage|p1a: Charizard|52/100|[from] Sandstorm
|-damage|p2a: Milotic|94/100|[from] Sandstorm
|-heal|p1a: Charizard|58/100|[from] item: Leftovers
|-heal|p2a: Milotic|100/100|[from] item: Leftovers
|upkeep
|turn|22
|
|t:|1729039069
|move|p1a: Charizard|Hidden Power|p2a: Milotic
|-supereffective|p2a: Milotic
|-damage|p2a: Milotic|71/100
|move|p2a: Milotic|Surf|p1a: Charizard
|-supereffective|p1a: Charizard
|-damage|p1a: Charizard|0 fnt
|faint|p1a: Charizard
|
|t:|1729039074
|switch|p1a: Zapdos|Zapdos|100/100
|
|-weather|Sandstorm|[upkeep]
|-damage|p1a: Zapdos|94/100|[from] Sandstorm
|-damage|p2a: Milotic|64/100|[from] Sandstorm
|-heal|p1a: Zapdos|100/100|[from] item: Leftovers
|-heal|p2a: Milotic|71/100|[from] item: Leftovers
|upkeep
|turn|23
|
|t:|1729039088
|move|p1a: Zapdos|Thunderbolt|p2a: Milotic
|-supereffective|p2a: Milotic
|-damage|p2a: Milotic|7/100
|move|p2a: Milotic|Ice Beam|p1a: Zapdos
|-supereffective|p1a: Zapdos
|-damage|p1a: Zapdos|24/100
|
|-weather|Sandstorm|[upkeep]
|-damage|p1a: Zapdos|18/100|[from] Sandstorm
|-damage|p2a: Milotic|0 fnt|[from] Sandstorm
|faint|p2a: Milotic
|-heal|p1a: Zapdos|24/100|[from] item: Leftovers
|upkeep
|
|t:|1729039095
|switch|p2a: Dugtrio|Dugtrio, M|65/100
|turn|24
|
|t:|1729039122
|move|p2a: Dugtrio|Earthquake|p1a: Zapdos
|-immune|p1a: Zapdos
|move|p1a: Zapdos|Hidden Power|p2a: Dugtrio
|-supereffective|p2a: Dugtrio
|-damage|p2a: Dugtrio|0 fnt
|faint|p2a: Dugtrio
|
|win|AC77
|c|☆drby|gg
|c|☆AC77|gg

</script>
<script type="application/json" class="data" id="replaydata-smogtours-gen3ou-799080">
{"id":"smogtours-gen3ou-799080","format":"[Gen 3] OU","players":["AC77","drby"],"uploadtime":1729039122,"views":91,"formatid":"gen3ou","rating":null,"private":1,"password":null}
</script>

<script defer src="js/replays.js?9d40a366"></script>
