<!DOCTYPE html>
<meta charset="utf-8" />
<meta name="viewport" content="width=device-width" />

<title>[Gen 3] OU: guebor vs. ShotoNC - Replays - Pok&eacute;mon Showdown!</title>

<meta name="description" content="Watch a replay of a Pok&eacute;mon battle between guebor and ShotoNC! Format: [Gen 3] OU; Date: Oct 20, 2024" />
<!--

Hey, you! Looking in the source for the replay log?

You can find them in JSON format, just add `.json` at the end of a replay URL.

https://replay.pokemonshowdown.com/gen7randomdoublesbattle-865046831.json

Or, if you only need the log itself, add `.log` instead:

https://replay.pokemonshowdown.com/gen7randomdoublesbattle-865046831.log

-->

<link rel="stylesheet" href="//pokemonshowdown.com/style/global.css?0.023195364461161105" />
<link rel="stylesheet" href="//play.pokemonshowdown.com/style/font-awesome.css?0.13261647063804238" />
<link rel="stylesheet" href="//play.pokemonshowdown.com/style/battle.css?0.8753245789963631" />
<link rel="stylesheet" href="//play.pokemonshowdown.com/style/utilichart.css?0.8627959624976733" />

<!-- Global site tag (gtag.js) - Google Analytics -->
<script async src="https://www.googletagmanager.com/gtag/js?id=UA-26211653-1"></script>
<script>
  window.dataLayer = window.dataLayer || [];
  function gtag(){dataLayer.push(arguments);}
  gtag('js', new Date());

  gtag('config', 'UA-26211653-1');
</script>
<!-- End Google Analytics -->
<!-- Venatus Ad Manager - Install in <HEAD> of page -->
	<script src="https://hb.vntsm.com/v3/live/ad-manager.min.js" type="text/javascript" data-site-id="642aba63ec9a7b11c3c9c1be" data-mode="scan" async></script>
<!-- / Venatus Ad Manager -->

<style>
	@media (max-width:820px) {
		.battle {
			margin: 0 auto;
		}
		.battle-log {
			margin: 7px auto 0;
			max-width: 640px;
			height: 300px;
			position: static;
		}
	}
	.optgroup {
		display: inline-block;
		line-height: 22px;
		font-size: 10pt;
	}
	.optgroup .button {
		height: 25px;
		padding-top: 0;
		padding-bottom: 0;
	}
	.optgroup button.button {
		padding-left: 12px;
		padding-right: 12px;
	}
	.linklist {
		list-style: none;
		margin: 0.5em 0;
		padding: 0;
	}
	.linklist li {
		padding: 2px 0;
	}
	.sidebar {
		float: left;
		width: 320px;
	}
	.bar-wrapper {
		max-width: 1100px;
		margin: 0 auto;
	}
	.bar-wrapper.has-sidebar {
		max-width: 1430px;
	}
	.mainbar {
		margin: 0;
		padding-right: 1px;
	}
	.mainbar.has-sidebar {
		margin-left: 330px;
	}
	@media (min-width: 1511px) {
		.sidebar {
			width: 400px;
		}
		.bar-wrapper.has-sidebar {
			max-width: 1510px;
		}
		.mainbar.has-sidebar {
			margin-left: 410px;
		}
	}
	.section.first-section {
		margin-top: 9px;
	}
	.blocklink small {
		white-space: normal;
	}
	.button {
		vertical-align: middle;
	}
	.replay-controls {
		padding-top: 10px;
	}
	.replay-controls h1 {
		font-size: 16pt;
		font-weight: normal;
		color: #CCC;
	}
	.pagelink {
		text-align: center;
	}
	.pagelink a {
		width: 150px;
	}
	.textbox, .button {
		font-size: 11pt;
		vertical-align: middle;
	}
	@media (max-width: 450px) {
		.button {
			font-size: 9pt;
		}
	}
</style>

<div>

	<header>
		<div class="nav-wrapper"><ul class="nav">
			<li><a class="button nav-first" href="//pokemonshowdown.com/"><img src="//pokemonshowdown.com/images/pokemonshowdownbeta.png" srcset="//pokemonshowdown.com/images/pokemonshowdownbeta.png 1x, //pokemonshowdown.com/images/pokemonshowdownbeta@2x.png 2x" alt="Pok&eacute;mon Showdown" width="146" height="44" /> Home</a></li>
			<li><a class="button" href="//pokemonshowdown.com/dex/">Pok&eacute;dex</a></li>
			<li><a class="button cur" href="/">Replays</a></li>
			<li><a class="button" href="//pokemonshowdown.com/ladder/">Ladder</a></li>
			<li><a class="button nav-last" href="//pokemonshowdown.com/forums/">Forum</a></li>
			<li><a class="button greenbutton nav-first nav-last" href="//play.pokemonshowdown.com/">Play</a></li>
		</ul></div>
	</header>

	<div class="main" id="main">

		<noscript><section class="section">You need to enable JavaScript to use this page; sorry!</section></noscript>

	</div>

</div>

<script defer nomodule src="//play.pokemonshowdown.com/js/lib/ps-polyfill.js"></script>
<script defer src="//play.pokemonshowdown.com/js/lib/preact.min.js"></script>

<script defer src="//play.pokemonshowdown.com/config/config.js?2bddbc15"></script>
<script defer src="//play.pokemonshowdown.com/js/lib/jquery-1.11.0.min.js"></script>
<script defer src="//play.pokemonshowdown.com/js/lib/html-sanitizer-minified.js"></script>
<script defer src="//play.pokemonshowdown.com/js/battle-sound.js"></script>
<script defer src="//play.pokemonshowdown.com/js/battledata.js?0.7209276989879541"></script>
<script defer src="//play.pokemonshowdown.com/data/pokedex-mini.js?0.6111056340867951"></script>
<script defer src="//play.pokemonshowdown.com/data/pokedex-mini-bw.js?0.3532142036491459"></script>
<script defer src="//play.pokemonshowdown.com/data/graphics.js?0.24223875632456182"></script>
<script defer src="//play.pokemonshowdown.com/data/pokedex.js?0.38839984266356864"></script>
<script defer src="//play.pokemonshowdown.com/data/moves.js?0.21866028504024015"></script>
<script defer src="//play.pokemonshowdown.com/data/abilities.js?0.2005157953846628"></script>
<script defer src="//play.pokemonshowdown.com/data/items.js?0.9894211263848525"></script>
<script defer src="//play.pokemonshowdown.com/data/teambuilder-tables.js?0.6008791140282215"></script>
<script defer src="//play.pokemonshowdown.com/js/battle-tooltips.js?0.7580118955022959"></script>
<script defer src="//play.pokemonshowdown.com/js/battle.js?0.6057722274234274"></script>

<script defer src="js/utils.js?e31f9a17"></script>
<script defer src="js/replays-battle.js?7008c182"></script>

<!-- don't scrape this data! just add .json or .log after the URL!
Full API docs: https://github.com/smogon/pokemon-showdown-client/blob/master/WEB-API.md -->
<script type="text/plain" class="log" id="replaylog-smogtours-gen3ou-800683">
|inactive|Battle timer is ON: inactive players will automatically lose when time's up.
|t:|1729451523
|gametype|singles
|player|p1|guebor|colress|
|player|p2|ShotoNC|benga|
|teamsize|p1|6
|teamsize|p2|6
|gen|3
|tier|[Gen 3] OU
|rule|Sleep Clause Mod: Limit one foe put to sleep
|rule|Switch Priority Clause Mod: Faster Pokémon switch first
|rule|Species Clause: Limit one of each Pokémon
|rule|OHKO Clause: OHKO moves are banned
|rule|Evasion Items Clause: Evasion items are banned
|rule|Evasion Moves Clause: Evasion moves are banned
|rule|Endless Battle Clause: Forcing endless battles is banned
|rule|HP Percentage Mod: HP is shown in percentages
|rule|One Boost Passer Clause: Limit one Baton Passer that has a way to boost its stats
|rule|Freeze Clause Mod: Limit one foe frozen
|
|t:|1729451523
|start
|switch|p1a: Reggie|Heracross, M|100/100
|switch|p2a: Zapdos|Zapdos|100/100
|turn|1
|
|t:|1729451543
|move|p2a: Zapdos|Drill Peck|p1a: Reggie
|-supereffective|p1a: Reggie
|-damage|p1a: Reggie|0 fnt
|faint|p1a: Reggie
|
|t:|1729451556
|switch|p1a: Elroy|Porygon2|100/100
|-ability|p1a: Elroy|Pressure|[from] ability: Trace|[of] p2a: Zapdos
|
|upkeep
|turn|2
|inactive|ShotoNC has 270 seconds left.
|
|t:|1729451602
|switch|p2a: Claydol|Claydol|100/100
|move|p1a: Elroy|Thunder Wave|p2a: Claydol
|-immune|p2a: Claydol
|
|upkeep
|turn|3
|inactive|guebor has 270 seconds left.
|inactive|ShotoNC has 240 seconds left.
|inactive|guebor has 240 seconds left.
|
|t:|1729451682
|switch|p2a: Gengar|Gengar, F|100/100
|switch|p1a: Dominique|Milotic, F|100/100
|
|upkeep
|turn|4
|
|t:|1729451691
|move|p2a: Gengar|Thunderbolt|p1a: Dominique
|-supereffective|p1a: Dominique
|-damage|p1a: Dominique|50/100
|-status|p1a: Dominique|par
|move|p1a: Dominique|Hypnosis|p2a: Gengar|[miss]
|-miss|p1a: Dominique|p2a: Gengar
|
|-heal|p1a: Dominique|56/100 par|[from] item: Leftovers
|upkeep
|turn|5
|inactive|guebor has 240 seconds left.
|inactive|ShotoNC has 240 seconds left.
|
|t:|1729451716
|switch|p2a: Celebi|Celebi|100/100
|switch|p1a: James|Claydol|100/100
|
|upkeep
|turn|6
|inactive|guebor has 240 seconds left.
|
|t:|1729451730
|switch|p1a: Elroy|Porygon2|100/100
|-ability|p1a: Elroy|Natural Cure|[from] ability: Trace|[of] p2a: Celebi
|move|p2a: Celebi|Leech Seed|p1a: Elroy
|-start|p1a: Elroy|move: Leech Seed
|
|-damage|p1a: Elroy|88/100|[from] Leech Seed|[of] p2a: Celebi
|upkeep
|turn|7
|inactive|guebor has 240 seconds left.
|inactive|ShotoNC has 210 seconds left.
|
|t:|1729451760
|move|p2a: Celebi|Psychic|p1a: Elroy
|-damage|p1a: Elroy|48/100
|-unboost|p1a: Elroy|spd|1
|move|p1a: Elroy|Ice Beam|p2a: Celebi
|-supereffective|p2a: Celebi
|-damage|p2a: Celebi|58/100
|
|-heal|p2a: Celebi|64/100|[from] item: Leftovers
|-heal|p1a: Elroy|54/100|[from] item: Leftovers
|-damage|p1a: Elroy|42/100|[from] Leech Seed|[of] p2a: Celebi
|-heal|p2a: Celebi|76/100|[silent]
|upkeep
|turn|8
|inactive|guebor has 240 seconds left.
|inactive|ShotoNC has 210 seconds left.
|
|t:|1729451776
|switch|p1a: Derek|Celebi|100/100
|move|p2a: Celebi|Giga Drain|p1a: Derek
|-resisted|p1a: Derek
|-damage|p1a: Derek|91/100
|-heal|p2a: Celebi|81/100|[from] drain|[of] p1a: Derek
|
|-heal|p1a: Derek|97/100|[from] item: Leftovers
|-heal|p2a: Celebi|87/100|[from] item: Leftovers
|upkeep
|turn|9
|inactive|guebor has 240 seconds left.
|inactive|ShotoNC has 210 seconds left.
|
|t:|1729451788
|move|p1a: Derek|Perish Song|p1a: Derek
|-start|p1a: Derek|perish3|[silent]
|-start|p2a: Celebi|perish3|[silent]
|-fieldactivate|move: Perish Song
|move|p2a: Celebi|Hidden Power|p1a: Derek
|-supereffective|p1a: Derek
|-damage|p1a: Derek|69/100
|
|-heal|p1a: Derek|75/100|[from] item: Leftovers
|-heal|p2a: Celebi|93/100|[from] item: Leftovers
|-start|p1a: Derek|perish3
|-start|p2a: Celebi|perish3
|upkeep
|turn|10
|inactive|guebor has 240 seconds left.
|inactive|ShotoNC has 210 seconds left.
|
|t:|1729451808
|switch|p2a: Dugtrio|Dugtrio, M|100/100
|move|p1a: Derek|Recover|p1a: Derek
|-heal|p1a: Derek|100/100
|
|-start|p1a: Derek|perish2
|upkeep
|turn|11
|inactive|guebor has 240 seconds left.
|
|t:|1729451822
|move|p2a: Dugtrio|Hidden Power|p1a: Derek
|-supereffective|p1a: Derek
|-damage|p1a: Derek|20/100
|move|p1a: Derek|Psychic|p2a: Dugtrio
|-damage|p2a: Dugtrio|49/100
|
|-heal|p1a: Derek|26/100|[from] item: Leftovers
|-start|p1a: Derek|perish1
|upkeep
|turn|12
|inactive|guebor has 240 seconds left.
|
|t:|1729451846
|switch|p2a: Jirachi|Jirachi|100/100
|move|p1a: Derek|Psychic|p2a: Jirachi
|-resisted|p2a: Jirachi
|-damage|p2a: Jirachi|94/100
|-unboost|p2a: Jirachi|spd|1
|
|-heal|p1a: Derek|33/100|[from] item: Leftovers
|-heal|p2a: Jirachi|99/100|[from] item: Leftovers
|-start|p1a: Derek|perish0
|upkeep
|faint|p1a: Derek
|
|t:|1729451861
|switch|p1a: James|Claydol|100/100
|turn|13
|
|t:|1729451880
|move|p2a: Jirachi|Wish|p2a: Jirachi
|move|p1a: James|Earthquake|p2a: Jirachi
|-supereffective|p2a: Jirachi
|-damage|p2a: Jirachi|67/100
|
|-heal|p2a: Jirachi|74/100|[from] item: Leftovers
|upkeep
|turn|14
|inactive|guebor has 240 seconds left.
|inactive|ShotoNC has 180 seconds left.
|
|t:|1729451902
|switch|p2a: Gengar|Gengar, F|100/100
|switch|p1a: Dominique|Milotic, F|56/100 par
|
|-heal|p1a: Dominique|62/100 par|[from] item: Leftovers
|upkeep
|turn|15
|inactive|ShotoNC has 180 seconds left.
|
|t:|1729451910
|move|p2a: Gengar|Thunderbolt|p1a: Dominique
|-supereffective|p1a: Dominique
|-damage|p1a: Dominique|11/100 par
|move|p1a: Dominique|Hypnosis|p2a: Gengar|[miss]
|-miss|p1a: Dominique|p2a: Gengar
|
|-heal|p1a: Dominique|17/100 par|[from] item: Leftovers
|upkeep
|turn|16
|inactive|ShotoNC has 180 seconds left.
|c|☆guebor|I am in shambles
|inactive|guebor has 240 seconds left.
|
|t:|1729451925
|switch|p1a: James|Claydol|100/100
|move|p2a: Gengar|Ice Punch|p1a: James
|-supereffective|p1a: James
|-damage|p1a: James|54/100
|
|-heal|p1a: James|60/100|[from] item: Leftovers
|upkeep
|turn|17
|inactive|guebor has 240 seconds left.
|inactive|ShotoNC has 180 seconds left.
|
|t:|1729451948
|switch|p2a: Celebi|Celebi|93/100
|move|p1a: James|Psychic|p2a: Celebi
|-resisted|p2a: Celebi
|-damage|p2a: Celebi|83/100
|
|-heal|p2a: Celebi|89/100|[from] item: Leftovers
|-heal|p1a: James|66/100|[from] item: Leftovers
|upkeep
|turn|18
|inactive|guebor has 240 seconds left.
|
|t:|1729451960
|switch|p1a: Palmer|Hariyama, M|100/100
|move|p2a: Celebi|Leech Seed|p1a: Palmer
|-start|p1a: Palmer|move: Leech Seed
|
|-heal|p2a: Celebi|95/100|[from] item: Leftovers
|-damage|p1a: Palmer|88/100|[from] Leech Seed|[of] p2a: Celebi
|-heal|p2a: Celebi|100/100|[silent]
|upkeep
|turn|19
|inactive|ShotoNC has 180 seconds left.
|
|t:|1729451971
|switch|p2a: Zapdos|Zapdos|100/100
|move|p1a: Palmer|Hidden Power|p2a: Zapdos
|-resisted|p2a: Zapdos
|-damage|p2a: Zapdos|83/100
|
|-heal|p1a: Palmer|94/100|[from] item: Leftovers
|-damage|p1a: Palmer|82/100|[from] Leech Seed|[of] p2a: Zapdos
|-heal|p2a: Zapdos|99/100|[silent]
|upkeep
|turn|20
|inactive|ShotoNC has 180 seconds left.
|
|t:|1729451982
|switch|p1a: Elroy|Porygon2|42/100
|-ability|p1a: Elroy|Pressure|[from] ability: Trace|[of] p2a: Zapdos
|move|p2a: Zapdos|Drill Peck|p1a: Elroy
|-crit|p1a: Elroy
|-damage|p1a: Elroy|0 fnt
|faint|p1a: Elroy
|inactive|guebor has 240 seconds left.
|
|t:|1729451998
|switch|p1a: Palmer|Hariyama, M|82/100
|
|-heal|p1a: Palmer|88/100|[from] item: Leftovers
|upkeep
|turn|21
|inactive|guebor has 240 seconds left.
|
|t:|1729452005
|move|p2a: Zapdos|Drill Peck|p1a: Palmer
|-supereffective|p1a: Palmer
|-damage|p1a: Palmer|0 fnt
|faint|p1a: Palmer
|
|t:|1729452010
|switch|p1a: Dominique|Milotic, F|17/100 par
|
|-heal|p1a: Dominique|23/100 par|[from] item: Leftovers
|upkeep
|turn|22
|
|t:|1729452015
|move|p2a: Zapdos|Drill Peck|p1a: Dominique
|-damage|p1a: Dominique|1/100 par
|move|p1a: Dominique|Ice Beam|p2a: Zapdos
|-supereffective|p2a: Zapdos
|-damage|p2a: Zapdos|51/100
|
|-heal|p1a: Dominique|7/100 par|[from] item: Leftovers
|upkeep
|turn|23
|
|t:|1729452024
|move|p2a: Zapdos|Drill Peck|p1a: Dominique
|-damage|p1a: Dominique|0 fnt
|faint|p1a: Dominique
|
|t:|1729452027
|switch|p1a: James|Claydol|66/100
|
|-heal|p1a: James|73/100|[from] item: Leftovers
|upkeep
|turn|24
|inactive|guebor has 270 seconds left.
|
|t:|1729452036
|switch|p2a: Gengar|Gengar, F|100/100
|move|p1a: James|Psychic|p2a: Gengar
|-supereffective|p2a: Gengar
|-damage|p2a: Gengar|17/100
|
|-heal|p2a: Gengar|23/100|[from] item: Leftovers
|-heal|p1a: James|79/100|[from] item: Leftovers
|upkeep
|turn|25
|
|t:|1729452049
|move|p2a: Gengar|Ice Punch|p1a: James
|-supereffective|p1a: James
|-damage|p1a: James|36/100
|-status|p1a: James|frz
|cant|p1a: James|frz
|
|-heal|p2a: Gengar|29/100|[from] item: Leftovers
|-heal|p1a: James|42/100 frz|[from] item: Leftovers
|upkeep
|turn|26
|c|☆ShotoNC|im so sorry
|
|t:|1729452058
|move|p2a: Gengar|Ice Punch|p1a: James
|-supereffective|p1a: James
|-damage|p1a: James|0 fnt
|faint|p1a: James
|
|win|ShotoNC
|c|☆ShotoNC|gg
|c|☆guebor|gg
|player|p1|
|player|p1|guebor|colress|

</script>
<script type="application/json" class="data" id="replaydata-smogtours-gen3ou-800683">
{"id":"smogtours-gen3ou-800683","format":"[Gen 3] OU","players":["guebor","ShotoNC"],"uploadtime":1729452058,"views":101,"formatid":"gen3ou","rating":null,"private":0,"password":null}
</script>

<script defer src="js/replays.js?9d40a366"></script>
