<!DOCTYPE html>
<meta charset="utf-8" />
<meta name="viewport" content="width=device-width" />

<title>[Gen 3] OU: scootymcbooty123 vs. TheComanderXD - Replays - Pok&eacute;mon Showdown!</title>

<meta name="description" content="Watch a replay of a Pok&eacute;mon battle between scootymcbooty123 and TheComanderXD! Format: [Gen 3] OU; Date: Nov 4, 2024" />
<!--

Hey, you! Looking in the source for the replay log?

You can find them in JSON format, just add `.json` at the end of a replay URL.

https://replay.pokemonshowdown.com/gen7randomdoublesbattle-865046831.json

Or, if you only need the log itself, add `.log` instead:

https://replay.pokemonshowdown.com/gen7randomdoublesbattle-865046831.log

-->

<link rel="stylesheet" href="//pokemonshowdown.com/style/global.css?0.023195364461161105" />
<link rel="stylesheet" href="//play.pokemonshowdown.com/style/font-awesome.css?0.13261647063804238" />
<link rel="stylesheet" href="//play.pokemonshowdown.com/style/battle.css?0.8753245789963631" />
<link rel="stylesheet" href="//play.pokemonshowdown.com/style/utilichart.css?0.8627959624976733" />

<!-- Global site tag (gtag.js) - Google Analytics -->
<script async src="https://www.googletagmanager.com/gtag/js?id=UA-26211653-1"></script>
<script>
  window.dataLayer = window.dataLayer || [];
  function gtag(){dataLayer.push(arguments);}
  gtag('js', new Date());

  gtag('config', 'UA-26211653-1');
</script>
<!-- End Google Analytics -->
<!-- Venatus Ad Manager - Install in <HEAD> of page -->
	<script src="https://hb.vntsm.com/v3/live/ad-manager.min.js" type="text/javascript" data-site-id="642aba63ec9a7b11c3c9c1be" data-mode="scan" async></script>
<!-- / Venatus Ad Manager -->

<style>
	@media (max-width:820px) {
		.battle {
			margin: 0 auto;
		}
		.battle-log {
			margin: 7px auto 0;
			max-width: 640px;
			height: 300px;
			position: static;
		}
	}
	.optgroup {
		display: inline-block;
		line-height: 22px;
		font-size: 10pt;
	}
	.optgroup .button {
		height: 25px;
		padding-top: 0;
		padding-bottom: 0;
	}
	.optgroup button.button {
		padding-left: 12px;
		padding-right: 12px;
	}
	.linklist {
		list-style: none;
		margin: 0.5em 0;
		padding: 0;
	}
	.linklist li {
		padding: 2px 0;
	}
	.sidebar {
		float: left;
		width: 320px;
	}
	.bar-wrapper {
		max-width: 1100px;
		margin: 0 auto;
	}
	.bar-wrapper.has-sidebar {
		max-width: 1430px;
	}
	.mainbar {
		margin: 0;
		padding-right: 1px;
	}
	.mainbar.has-sidebar {
		margin-left: 330px;
	}
	@media (min-width: 1511px) {
		.sidebar {
			width: 400px;
		}
		.bar-wrapper.has-sidebar {
			max-width: 1510px;
		}
		.mainbar.has-sidebar {
			margin-left: 410px;
		}
	}
	.section.first-section {
		margin-top: 9px;
	}
	.blocklink small {
		white-space: normal;
	}
	.button {
		vertical-align: middle;
	}
	.replay-controls {
		padding-top: 10px;
	}
	.replay-controls h1 {
		font-size: 16pt;
		font-weight: normal;
		color: #CCC;
	}
	.pagelink {
		text-align: center;
	}
	.pagelink a {
		width: 150px;
	}
	.textbox, .button {
		font-size: 11pt;
		vertical-align: middle;
	}
	@media (max-width: 450px) {
		.button {
			font-size: 9pt;
		}
	}
</style>

<div>

	<header>
		<div class="nav-wrapper"><ul class="nav">
			<li><a class="button nav-first" href="//pokemonshowdown.com/"><img src="//pokemonshowdown.com/images/pokemonshowdownbeta.png" srcset="//pokemonshowdown.com/images/pokemonshowdownbeta.png 1x, //pokemonshowdown.com/images/pokemonshowdownbeta@2x.png 2x" alt="Pok&eacute;mon Showdown" width="146" height="44" /> Home</a></li>
			<li><a class="button" href="//pokemonshowdown.com/dex/">Pok&eacute;dex</a></li>
			<li><a class="button cur" href="/">Replays</a></li>
			<li><a class="button" href="//pokemonshowdown.com/ladder/">Ladder</a></li>
			<li><a class="button nav-last" href="//pokemonshowdown.com/forums/">Forum</a></li>
			<li><a class="button greenbutton nav-first nav-last" href="//play.pokemonshowdown.com/">Play</a></li>
		</ul></div>
	</header>

	<div class="main" id="main">

		<noscript><section class="section">You need to enable JavaScript to use this page; sorry!</section></noscript>

	</div>

</div>

<script defer nomodule src="//play.pokemonshowdown.com/js/lib/ps-polyfill.js"></script>
<script defer src="//play.pokemonshowdown.com/js/lib/preact.min.js"></script>

<script defer src="//play.pokemonshowdown.com/config/config.js?2bddbc15"></script>
<script defer src="//play.pokemonshowdown.com/js/lib/jquery-1.11.0.min.js"></script>
<script defer src="//play.pokemonshowdown.com/js/lib/html-sanitizer-minified.js"></script>
<script defer src="//play.pokemonshowdown.com/js/battle-sound.js"></script>
<script defer src="//play.pokemonshowdown.com/js/battledata.js?0.7209276989879541"></script>
<script defer src="//play.pokemonshowdown.com/data/pokedex-mini.js?0.6111056340867951"></script>
<script defer src="//play.pokemonshowdown.com/data/pokedex-mini-bw.js?0.3532142036491459"></script>
<script defer src="//play.pokemonshowdown.com/data/graphics.js?0.24223875632456182"></script>
<script defer src="//play.pokemonshowdown.com/data/pokedex.js?0.38839984266356864"></script>
<script defer src="//play.pokemonshowdown.com/data/moves.js?0.21866028504024015"></script>
<script defer src="//play.pokemonshowdown.com/data/abilities.js?0.2005157953846628"></script>
<script defer src="//play.pokemonshowdown.com/data/items.js?0.9894211263848525"></script>
<script defer src="//play.pokemonshowdown.com/data/teambuilder-tables.js?0.6008791140282215"></script>
<script defer src="//play.pokemonshowdown.com/js/battle-tooltips.js?0.7580118955022959"></script>
<script defer src="//play.pokemonshowdown.com/js/battle.js?0.6057722274234274"></script>

<script defer src="js/utils.js?e31f9a17"></script>
<script defer src="js/replays-battle.js?7008c182"></script>

<!-- don't scrape this data! just add .json or .log after the URL!
Full API docs: https://github.com/smogon/pokemon-showdown-client/blob/master/WEB-API.md -->
<script type="text/plain" class="log" id="replaylog-smogtours-gen3ou-804821">
|inactive|Battle timer is ON: inactive players will automatically lose when time's up.
|t:|1730757674
|gametype|singles
|player|p1|scootymcbooty123|170|
|player|p2|TheComanderXD|red|
|teamsize|p1|6
|teamsize|p2|6
|gen|3
|tier|[Gen 3] OU
|rule|Sleep Clause Mod: Limit one foe put to sleep
|rule|Switch Priority Clause Mod: Faster Pokémon switch first
|rule|Species Clause: Limit one of each Pokémon
|rule|OHKO Clause: OHKO moves are banned
|rule|Evasion Items Clause: Evasion items are banned
|rule|Evasion Moves Clause: Evasion moves are banned
|rule|Endless Battle Clause: Forcing endless battles is banned
|rule|HP Percentage Mod: HP is shown in percentages
|rule|One Boost Passer Clause: Limit one Baton Passer that has a way to boost its stats
|rule|Freeze Clause Mod: Limit one foe frozen
|
|t:|1730757674
|start
|switch|p1a: Skarmory|Skarmory, M|100/100
|switch|p2a: Rocky Meta|Metagross|100/100
|turn|1
|
|t:|1730757680
|switch|p2a: Indiana Mag|Magneton|100/100
|move|p1a: Skarmory|Spikes|p2a: Indiana Mag
|-sidestart|p2: TheComanderXD|Spikes
|
|upkeep
|turn|2
|
|t:|1730757686
|move|p2a: Indiana Mag|Thunderbolt|p1a: Skarmory
|-supereffective|p1a: Skarmory
|-crit|p1a: Skarmory
|-damage|p1a: Skarmory|0 fnt
|faint|p1a: Skarmory
|
|t:|1730757697
|switch|p1a: Steelix|Steelix, M|100/100
|
|upkeep
|turn|3
|inactive|TheComanderXD has 270 seconds left.
|
|t:|1730757752
|move|p2a: Indiana Mag|Substitute|p2a: Indiana Mag
|-start|p2a: Indiana Mag|Substitute
|-damage|p2a: Indiana Mag|76/100
|move|p1a: Steelix|Explosion|p2a: Indiana Mag
|-resisted|p2a: Indiana Mag
|-end|p2a: Indiana Mag|Substitute
|faint|p1a: Steelix
|c|☆scootymcbooty123|well this is going well
|
|t:|1730757774
|switch|p1a: Aerodactyl|Aerodactyl, M|100/100
|
|upkeep
|turn|4
|
|t:|1730757778
|move|p2a: Indiana Mag|Endure|p2a: Indiana Mag
|-singleturn|p2a: Indiana Mag|move: Endure
|move|p1a: Aerodactyl|Earthquake|p2a: Indiana Mag
|-supereffective|p2a: Indiana Mag
|-activate|p2a: Indiana Mag|move: Endure
|-damage|p2a: Indiana Mag|1/100
|
|-enditem|p2a: Indiana Mag|Salac Berry|[eat]
|-boost|p2a: Indiana Mag|spe|1|[from] item: Salac Berry
|upkeep
|turn|5
|inactive|TheComanderXD has 270 seconds left.
|
|t:|1730757787
|move|p1a: Aerodactyl|Earthquake|p2a: Indiana Mag
|-supereffective|p2a: Indiana Mag
|-damage|p2a: Indiana Mag|0 fnt
|faint|p2a: Indiana Mag
|inactive|TheComanderXD has 270 seconds left.
|
|t:|1730757796
|switch|p2a: Chuck Gyara|Gyarados, M|100/100
|-ability|p2a: Chuck Gyara|Intimidate|boost
|-unboost|p1a: Aerodactyl|atk|1
|
|upkeep
|turn|6
|
|t:|1730757801
|switch|p1a: Metagross|Metagross|100/100
|move|p2a: Chuck Gyara|Dragon Dance|p2a: Chuck Gyara
|-boost|p2a: Chuck Gyara|atk|1
|-boost|p2a: Chuck Gyara|spe|1
|
|upkeep
|turn|7
|
|t:|1730757813
|move|p2a: Chuck Gyara|Earthquake|p1a: Metagross
|-supereffective|p1a: Metagross
|-damage|p1a: Metagross|24/100
|move|p1a: Metagross|Rock Slide|p2a: Chuck Gyara
|-supereffective|p2a: Chuck Gyara
|-damage|p2a: Chuck Gyara|0 fnt
|faint|p2a: Chuck Gyara
|
|t:|1730757822
|switch|p2a: Rocky Meta|Metagross|100/100
|-damage|p2a: Rocky Meta|88/100|[from] Spikes
|
|upkeep
|turn|8
|
|t:|1730757828
|move|p2a: Rocky Meta|Earthquake|p1a: Metagross
|-supereffective|p1a: Metagross
|-damage|p1a: Metagross|0 fnt
|faint|p1a: Metagross
|
|t:|1730757830
|switch|p1a: Aerodactyl|Aerodactyl, M|100/100
|
|upkeep
|turn|9
|
|t:|1730757841
|switch|p2a: John Mence|Salamence, F|100/100
|-ability|p2a: John Mence|Intimidate|boost
|-unboost|p1a: Aerodactyl|atk|1
|move|p1a: Aerodactyl|Earthquake|p2a: John Mence
|-immune|p2a: John Mence
|
|upkeep
|turn|10
|
|t:|1730757870
|switch|p1a: Celebi|Celebi|100/100
|move|p2a: John Mence|Dragon Dance|p2a: John Mence
|-boost|p2a: John Mence|atk|1
|-boost|p2a: John Mence|spe|1
|
|upkeep
|turn|11
|inactive|scootymcbooty123 has 270 seconds left.
|
|t:|1730757893
|switch|p1a: Aerodactyl|Aerodactyl, M|100/100
|move|p2a: John Mence|Hidden Power|p1a: Aerodactyl
|-resisted|p1a: Aerodactyl
|-damage|p1a: Aerodactyl|53/100
|
|upkeep
|turn|12
|
|t:|1730757906
|move|p2a: John Mence|Rock Slide|p1a: Aerodactyl
|-supereffective|p1a: Aerodactyl
|-damage|p1a: Aerodactyl|0 fnt
|faint|p1a: Aerodactyl
|
|t:|1730757915
|switch|p1a: Tyranitar|Tyranitar, F|100/100
|-weather|Sandstorm|[from] ability: Sand Stream|[of] p1a: Tyranitar
|
|-weather|Sandstorm|[upkeep]
|-damage|p2a: John Mence|94/100|[from] Sandstorm
|-heal|p2a: John Mence|100/100|[from] item: Leftovers
|upkeep
|turn|13
|
|t:|1730757932
|move|p2a: John Mence|Earthquake|p1a: Tyranitar
|-supereffective|p1a: Tyranitar
|-damage|p1a: Tyranitar|9/100
|move|p1a: Tyranitar|Rock Slide|p2a: John Mence
|-supereffective|p2a: John Mence
|-damage|p2a: John Mence|7/100
|
|-weather|Sandstorm|[upkeep]
|-damage|p2a: John Mence|1/100|[from] Sandstorm
|-heal|p2a: John Mence|7/100|[from] item: Leftovers
|upkeep
|turn|14
|
|t:|1730757941
|move|p2a: John Mence|Earthquake|p1a: Tyranitar
|-supereffective|p1a: Tyranitar
|-damage|p1a: Tyranitar|0 fnt
|faint|p1a: Tyranitar
|
|t:|1730757944
|switch|p1a: Celebi|Celebi|100/100
|
|-weather|Sandstorm|[upkeep]
|-damage|p2a: John Mence|1/100|[from] Sandstorm
|-damage|p1a: Celebi|94/100|[from] Sandstorm
|-heal|p2a: John Mence|7/100|[from] item: Leftovers
|-heal|p1a: Celebi|100/100|[from] item: Leftovers
|upkeep
|turn|15
|c|☆scootymcbooty123|GG
|
|t:|1730757951
|move|p2a: John Mence|Hidden Power|p1a: Celebi
|-supereffective|p1a: Celebi
|-damage|p1a: Celebi|13/100
|move|p1a: Celebi|Psychic|p2a: John Mence
|-damage|p2a: John Mence|0 fnt
|faint|p2a: John Mence
|c|☆TheComanderXD|GG
|
|t:|1730757963
|switch|p2a: Rocky Meta|Metagross|88/100
|-damage|p2a: Rocky Meta|76/100|[from] Spikes
|
|-weather|Sandstorm|[upkeep]
|-damage|p1a: Celebi|7/100|[from] Sandstorm
|-heal|p1a: Celebi|13/100|[from] item: Leftovers
|upkeep
|turn|16
|
|t:|1730757972
|move|p2a: Rocky Meta|Earthquake|p1a: Celebi
|-resisted|p1a: Celebi
|-damage|p1a: Celebi|0 fnt
|faint|p1a: Celebi
|
|win|TheComanderXD
|player|p1|
|player|p2|
|player|p1|scootymcbooty123|170|

</script>
<script type="application/json" class="data" id="replaydata-smogtours-gen3ou-804821">
{"id":"smogtours-gen3ou-804821","format":"[Gen 3] OU","players":["scootymcbooty123","TheComanderXD"],"uploadtime":1730757972,"views":70,"formatid":"gen3ou","rating":null,"private":0,"password":null}
</script>

<script defer src="js/replays.js?9d40a366"></script>
