<!DOCTYPE html>
<meta charset="utf-8" />
<meta name="viewport" content="width=device-width" />

<title>[Gen 3] OU: lexitg vs. Skarpherim© - Replays - Pok&eacute;mon Showdown!</title>

<meta name="description" content="Watch a replay of a Pok&eacute;mon battle between lexitg and Skarpherim©! Format: [Gen 3] OU; Date: Oct 29, 2024" />
<!--

Hey, you! Looking in the source for the replay log?

You can find them in JSON format, just add `.json` at the end of a replay URL.

https://replay.pokemonshowdown.com/gen7randomdoublesbattle-865046831.json

Or, if you only need the log itself, add `.log` instead:

https://replay.pokemonshowdown.com/gen7randomdoublesbattle-865046831.log

-->

<link rel="stylesheet" href="//pokemonshowdown.com/style/global.css?0.023195364461161105" />
<link rel="stylesheet" href="//play.pokemonshowdown.com/style/font-awesome.css?0.13261647063804238" />
<link rel="stylesheet" href="//play.pokemonshowdown.com/style/battle.css?0.8753245789963631" />
<link rel="stylesheet" href="//play.pokemonshowdown.com/style/utilichart.css?0.8627959624976733" />

<!-- Global site tag (gtag.js) - Google Analytics -->
<script async src="https://www.googletagmanager.com/gtag/js?id=UA-26211653-1"></script>
<script>
  window.dataLayer = window.dataLayer || [];
  function gtag(){dataLayer.push(arguments);}
  gtag('js', new Date());

  gtag('config', 'UA-26211653-1');
</script>
<!-- End Google Analytics -->
<!-- Venatus Ad Manager - Install in <HEAD> of page -->
	<script src="https://hb.vntsm.com/v3/live/ad-manager.min.js" type="text/javascript" data-site-id="642aba63ec9a7b11c3c9c1be" data-mode="scan" async></script>
<!-- / Venatus Ad Manager -->

<style>
	@media (max-width:820px) {
		.battle {
			margin: 0 auto;
		}
		.battle-log {
			margin: 7px auto 0;
			max-width: 640px;
			height: 300px;
			position: static;
		}
	}
	.optgroup {
		display: inline-block;
		line-height: 22px;
		font-size: 10pt;
	}
	.optgroup .button {
		height: 25px;
		padding-top: 0;
		padding-bottom: 0;
	}
	.optgroup button.button {
		padding-left: 12px;
		padding-right: 12px;
	}
	.linklist {
		list-style: none;
		margin: 0.5em 0;
		padding: 0;
	}
	.linklist li {
		padding: 2px 0;
	}
	.sidebar {
		float: left;
		width: 320px;
	}
	.bar-wrapper {
		max-width: 1100px;
		margin: 0 auto;
	}
	.bar-wrapper.has-sidebar {
		max-width: 1430px;
	}
	.mainbar {
		margin: 0;
		padding-right: 1px;
	}
	.mainbar.has-sidebar {
		margin-left: 330px;
	}
	@media (min-width: 1511px) {
		.sidebar {
			width: 400px;
		}
		.bar-wrapper.has-sidebar {
			max-width: 1510px;
		}
		.mainbar.has-sidebar {
			margin-left: 410px;
		}
	}
	.section.first-section {
		margin-top: 9px;
	}
	.blocklink small {
		white-space: normal;
	}
	.button {
		vertical-align: middle;
	}
	.replay-controls {
		padding-top: 10px;
	}
	.replay-controls h1 {
		font-size: 16pt;
		font-weight: normal;
		color: #CCC;
	}
	.pagelink {
		text-align: center;
	}
	.pagelink a {
		width: 150px;
	}
	.textbox, .button {
		font-size: 11pt;
		vertical-align: middle;
	}
	@media (max-width: 450px) {
		.button {
			font-size: 9pt;
		}
	}
</style>

<div>

	<header>
		<div class="nav-wrapper"><ul class="nav">
			<li><a class="button nav-first" href="//pokemonshowdown.com/"><img src="//pokemonshowdown.com/images/pokemonshowdownbeta.png" srcset="//pokemonshowdown.com/images/pokemonshowdownbeta.png 1x, //pokemonshowdown.com/images/pokemonshowdownbeta@2x.png 2x" alt="Pok&eacute;mon Showdown" width="146" height="44" /> Home</a></li>
			<li><a class="button" href="//pokemonshowdown.com/dex/">Pok&eacute;dex</a></li>
			<li><a class="button cur" href="/">Replays</a></li>
			<li><a class="button" href="//pokemonshowdown.com/ladder/">Ladder</a></li>
			<li><a class="button nav-last" href="//pokemonshowdown.com/forums/">Forum</a></li>
			<li><a class="button greenbutton nav-first nav-last" href="//play.pokemonshowdown.com/">Play</a></li>
		</ul></div>
	</header>

	<div class="main" id="main">

		<noscript><section class="section">You need to enable JavaScript to use this page; sorry!</section></noscript>

	</div>

</div>

<script defer nomodule src="//play.pokemonshowdown.com/js/lib/ps-polyfill.js"></script>
<script defer src="//play.pokemonshowdown.com/js/lib/preact.min.js"></script>

<script defer src="//play.pokemonshowdown.com/config/config.js?2bddbc15"></script>
<script defer src="//play.pokemonshowdown.com/js/lib/jquery-1.11.0.min.js"></script>
<script defer src="//play.pokemonshowdown.com/js/lib/html-sanitizer-minified.js"></script>
<script defer src="//play.pokemonshowdown.com/js/battle-sound.js"></script>
<script defer src="//play.pokemonshowdown.com/js/battledata.js?0.7209276989879541"></script>
<script defer src="//play.pokemonshowdown.com/data/pokedex-mini.js?0.6111056340867951"></script>
<script defer src="//play.pokemonshowdown.com/data/pokedex-mini-bw.js?0.3532142036491459"></script>
<script defer src="//play.pokemonshowdown.com/data/graphics.js?0.24223875632456182"></script>
<script defer src="//play.pokemonshowdown.com/data/pokedex.js?0.38839984266356864"></script>
<script defer src="//play.pokemonshowdown.com/data/moves.js?0.21866028504024015"></script>
<script defer src="//play.pokemonshowdown.com/data/abilities.js?0.2005157953846628"></script>
<script defer src="//play.pokemonshowdown.com/data/items.js?0.9894211263848525"></script>
<script defer src="//play.pokemonshowdown.com/data/teambuilder-tables.js?0.6008791140282215"></script>
<script defer src="//play.pokemonshowdown.com/js/battle-tooltips.js?0.7580118955022959"></script>
<script defer src="//play.pokemonshowdown.com/js/battle.js?0.6057722274234274"></script>

<script defer src="js/utils.js?e31f9a17"></script>
<script defer src="js/replays-battle.js?7008c182"></script>

<!-- don't scrape this data! just add .json or .log after the URL!
Full API docs: https://github.com/smogon/pokemon-showdown-client/blob/master/WEB-API.md -->
<script type="text/plain" class="log" id="replaylog-smogtours-gen3ou-803369">
|inactive|Battle timer is ON: inactive players will automatically lose when time's up.
|t:|1730239395
|gametype|singles
|player|p1|lexitg|2|
|player|p2|Skarpherim©|lucas-gen4pt|
|teamsize|p1|6
|teamsize|p2|6
|gen|3
|tier|[Gen 3] OU
|rule|Sleep Clause Mod: Limit one foe put to sleep
|rule|Switch Priority Clause Mod: Faster Pokémon switch first
|rule|Species Clause: Limit one of each Pokémon
|rule|OHKO Clause: OHKO moves are banned
|rule|Evasion Items Clause: Evasion items are banned
|rule|Evasion Moves Clause: Evasion moves are banned
|rule|Endless Battle Clause: Forcing endless battles is banned
|rule|HP Percentage Mod: HP is shown in percentages
|rule|One Boost Passer Clause: Limit one Baton Passer that has a way to boost its stats
|rule|Freeze Clause Mod: Limit one foe frozen
|
|t:|1730239395
|start
|switch|p1a: Salamence|Salamence, F|100/100
|switch|p2a: Celebi|Celebi|100/100
|-ability|p1a: Salamence|Intimidate|boost
|-unboost|p2a: Celebi|atk|1
|turn|1
|c|☆Skarpherim©|hf
|raw|<div class="broadcast-red"><strong>Moderated chat was set to ☆!<\/strong><br />Only users of rank ☆ and higher can talk.<\/div>
|c|☆Skarpherim©|/log Skarpherim© made the replay of this battle unlisted.
|c|☆lexitg|glhf
|inactive|Skarpherim© has 270 seconds left.
|
|t:|1730239440
|switch|p2a: Zapdos|Zapdos|100/100
|move|p1a: Salamence|Hidden Power|p2a: Zapdos
|-resisted|p2a: Zapdos
|-damage|p2a: Zapdos|64/100
|
|-heal|p2a: Zapdos|70/100|[from] item: Leftovers
|upkeep
|turn|2
|
|t:|1730239451
|switch|p1a: Blissey|Blissey, F|100/100
|move|p2a: Zapdos|Baton Pass|p2a: Zapdos
|inactive|Skarpherim© has 270 seconds left.
|
|t:|1730239479
|switch|p2a: Metagross|Metagross|100/100|[from] Baton Pass
|
|upkeep
|turn|3
|inactive|Skarpherim© has 270 seconds left.
|
|t:|1730239492
|switch|p2a: Celebi|Celebi|100/100
|switch|p1a: Skarmory|Skarmory, M|100/100
|
|upkeep
|turn|4
|
|t:|1730239496
|move|p2a: Celebi|Baton Pass|p2a: Celebi
|
|t:|1730239497
|switch|p2a: Magneton|Magneton|100/100|[from] Baton Pass
|move|p1a: Skarmory|Spikes|p2a: Magneton
|-sidestart|p2: Skarpherim©|Spikes
|
|upkeep
|turn|5
|
|t:|1730239502
|move|p1a: Skarmory|Protect|p1a: Skarmory
|-singleturn|p1a: Skarmory|Protect
|move|p2a: Magneton|Thunderbolt|p1a: Skarmory
|-activate|p1a: Skarmory|Protect
|
|upkeep
|turn|6
|
|t:|1730239505
|move|p2a: Magneton|Thunderbolt|p1a: Skarmory
|-supereffective|p1a: Skarmory
|-damage|p1a: Skarmory|1/100
|move|p1a: Skarmory|Spikes|p2a: Magneton
|-sidestart|p2: Skarpherim©|Spikes
|
|-heal|p1a: Skarmory|7/100|[from] item: Leftovers
|upkeep
|turn|7
|
|t:|1730239508
|move|p1a: Skarmory|Protect|p1a: Skarmory
|-singleturn|p1a: Skarmory|Protect
|move|p2a: Magneton|Thunderbolt|p1a: Skarmory
|-activate|p1a: Skarmory|Protect
|
|-heal|p1a: Skarmory|13/100|[from] item: Leftovers
|upkeep
|turn|8
|
|t:|1730239509
|move|p1a: Skarmory|Protect|p1a: Skarmory
|-singleturn|p1a: Skarmory|Protect
|move|p2a: Magneton|Thunderbolt|p1a: Skarmory
|-activate|p1a: Skarmory|Protect
|
|-heal|p1a: Skarmory|19/100|[from] item: Leftovers
|upkeep
|turn|9
|
|t:|1730239510
|move|p1a: Skarmory|Protect||[still]
|-fail|p1a: Skarmory
|move|p2a: Magneton|Thunderbolt|p1a: Skarmory
|-supereffective|p1a: Skarmory
|-damage|p1a: Skarmory|0 fnt
|faint|p1a: Skarmory
|inactive|lexitg has 270 seconds left.
|
|t:|1730239545
|switch|p1a: Salamence|Salamence, F|100/100
|-ability|p1a: Salamence|Intimidate|boost
|-unboost|p2a: Magneton|atk|1
|
|upkeep
|turn|10
|inactive|lexitg has 270 seconds left.
|
|t:|1730239556
|move|p2a: Magneton|Protect|p2a: Magneton
|-singleturn|p2a: Magneton|Protect
|move|p1a: Salamence|Earthquake|p2a: Magneton
|-activate|p2a: Magneton|Protect
|
|upkeep
|turn|11
|
|t:|1730239565
|switch|p1a: Blissey|Blissey, F|100/100
|switch|p2a: Celebi|Celebi|100/100
|-damage|p2a: Celebi|84/100|[from] Spikes
|
|-heal|p2a: Celebi|90/100|[from] item: Leftovers
|upkeep
|turn|12
|
|t:|1730239576
|move|p2a: Celebi|Swords Dance|p2a: Celebi
|-boost|p2a: Celebi|atk|2
|move|p1a: Blissey|Ice Beam|p2a: Celebi
|-supereffective|p2a: Celebi
|-damage|p2a: Celebi|50/100
|
|-heal|p2a: Celebi|56/100|[from] item: Leftovers
|upkeep
|turn|13
|
|t:|1730239588
|switch|p1a: Salamence|Salamence, F|100/100
|-ability|p1a: Salamence|Intimidate|boost
|-unboost|p2a: Celebi|atk|1
|move|p2a: Celebi|Baton Pass|p2a: Celebi
|inactive|Skarpherim© has 270 seconds left.
|inactive|Skarpherim© has 240 seconds left.
|
|t:|1730239659
|switch|p2a: Aerodactyl|Aerodactyl, F|100/100|[from] Baton Pass
|
|upkeep
|turn|14
|
|t:|1730239670
|switch|p1a: Swampert|Swampert, F|100/100
|move|p2a: Aerodactyl|Substitute|p2a: Aerodactyl
|-start|p2a: Aerodactyl|Substitute
|-damage|p2a: Aerodactyl|76/100
|
|upkeep
|turn|15
|
|t:|1730239695
|move|p2a: Aerodactyl|Double-Edge|p1a: Swampert
|-damage|p1a: Swampert|60/100
|move|p1a: Swampert|Curse|p1a: Swampert
|-unboost|p1a: Swampert|spe|1
|-boost|p1a: Swampert|atk|1
|-boost|p1a: Swampert|def|1
|
|-heal|p1a: Swampert|66/100|[from] item: Leftovers
|upkeep
|turn|16
|inactive|Skarpherim© has 240 seconds left.
|
|t:|1730239701
|move|p1a: Swampert|Protect|p1a: Swampert
|-singleturn|p1a: Swampert|Protect
|move|p2a: Aerodactyl|Double-Edge|p1a: Swampert
|-activate|p1a: Swampert|Protect
|
|-heal|p1a: Swampert|72/100|[from] item: Leftovers
|upkeep
|turn|17
|
|t:|1730239719
|move|p2a: Aerodactyl|Double-Edge|p1a: Swampert
|-damage|p1a: Swampert|47/100
|move|p1a: Swampert|Rock Slide|p2a: Aerodactyl
|-supereffective|p2a: Aerodactyl
|-end|p2a: Aerodactyl|Substitute
|
|-heal|p1a: Swampert|53/100|[from] item: Leftovers
|upkeep
|turn|18
|
|t:|1730239726
|switch|p2a: Magneton|Magneton|100/100
|-damage|p2a: Magneton|84/100|[from] Spikes
|move|p1a: Swampert|Rock Slide|p2a: Magneton
|-resisted|p2a: Magneton
|-damage|p2a: Magneton|64/100
|
|-heal|p1a: Swampert|59/100|[from] item: Leftovers
|upkeep
|turn|19
|
|t:|1730239741
|move|p1a: Swampert|Protect|p1a: Swampert
|-singleturn|p1a: Swampert|Protect
|move|p2a: Magneton|Hidden Power|p1a: Swampert
|-activate|p1a: Swampert|Protect
|
|-heal|p1a: Swampert|65/100|[from] item: Leftovers
|upkeep
|turn|20
|
|t:|1730239758
|switch|p1a: Magneton|Magneton|100/100
|move|p2a: Magneton|Thunderbolt|p1a: Magneton
|-resisted|p1a: Magneton
|-damage|p1a: Magneton|46/100
|
|upkeep
|turn|21
|
|t:|1730239761
|move|p1a: Magneton|Hidden Power|p2a: Magneton
|-supereffective|p2a: Magneton
|-damage|p2a: Magneton|0 fnt
|faint|p2a: Magneton
|inactive|Skarpherim© has 240 seconds left.
|
|t:|1730239793
|switch|p2a: Celebi|Celebi|56/100
|-damage|p2a: Celebi|40/100|[from] Spikes
|
|-heal|p2a: Celebi|46/100|[from] item: Leftovers
|upkeep
|turn|22
|
|t:|1730239798
|move|p1a: Magneton|Hidden Power|p2a: Celebi
|-supereffective|p2a: Celebi
|-damage|p2a: Celebi|5/100
|move|p2a: Celebi|Recover|p2a: Celebi
|-heal|p2a: Celebi|55/100
|
|-heal|p2a: Celebi|62/100|[from] item: Leftovers
|upkeep
|turn|23
|
|t:|1730239809
|switch|p1a: Salamence|Salamence, F|100/100
|-ability|p1a: Salamence|Intimidate|boost
|-unboost|p2a: Celebi|atk|1
|move|p2a: Celebi|Recover|p2a: Celebi
|-heal|p2a: Celebi|100/100
|
|upkeep
|turn|24
|inactive|Skarpherim© has 240 seconds left.
|inactive|Skarpherim© has 210 seconds left.
|
|t:|1730239875
|switch|p2a: Gyarados|Gyarados, F|100/100
|-ability|p2a: Gyarados|Intimidate|boost
|-unboost|p1a: Salamence|atk|1
|move|p1a: Salamence|Rock Slide|p2a: Gyarados
|-supereffective|p2a: Gyarados
|-damage|p2a: Gyarados|40/100
|
|-heal|p2a: Gyarados|46/100|[from] item: Leftovers
|upkeep
|turn|25
|inactive|lexitg has 270 seconds left.
|
|t:|1730239895
|switch|p1a: Magneton|Magneton|46/100
|switch|p2a: Celebi|Celebi|100/100
|-damage|p2a: Celebi|84/100|[from] Spikes
|
|-heal|p2a: Celebi|90/100|[from] item: Leftovers
|upkeep
|turn|26
|inactive|lexitg has 270 seconds left.
|
|t:|1730239918
|switch|p1a: Salamence|Salamence, F|100/100
|-ability|p1a: Salamence|Intimidate|boost
|-unboost|p2a: Celebi|atk|1
|move|p2a: Celebi|Swords Dance|p2a: Celebi
|-boost|p2a: Celebi|atk|2
|
|-heal|p2a: Celebi|96/100|[from] item: Leftovers
|upkeep
|turn|27
|
|t:|1730239922
|move|p1a: Salamence|Hidden Power|p2a: Celebi
|-supereffective|p2a: Celebi
|-damage|p2a: Celebi|16/100
|move|p2a: Celebi|Baton Pass|p2a: Celebi
|
|t:|1730239925
|switch|p2a: Aerodactyl|Aerodactyl, F|76/100|[from] Baton Pass
|
|upkeep
|turn|28
|inactive|lexitg has 270 seconds left.
|
|t:|1730239935
|switch|p1a: Magneton|Magneton|46/100
|move|p2a: Aerodactyl|Double-Edge|p1a: Magneton
|-resisted|p1a: Magneton
|-damage|p1a: Magneton|7/100
|
|upkeep
|turn|29
|
|t:|1730239946
|move|p2a: Aerodactyl|Double-Edge|p1a: Magneton
|-resisted|p1a: Magneton
|-damage|p1a: Magneton|0 fnt
|faint|p1a: Magneton
|
|t:|1730239949
|switch|p1a: Swampert|Swampert, F|65/100
|
|-heal|p1a: Swampert|71/100|[from] item: Leftovers
|upkeep
|turn|30
|inactive|Skarpherim© has 210 seconds left.
|
|t:|1730240000
|move|p2a: Aerodactyl|Double-Edge|p1a: Swampert
|-damage|p1a: Swampert|36/100
|move|p1a: Swampert|Curse|p1a: Swampert
|-unboost|p1a: Swampert|spe|1
|-boost|p1a: Swampert|atk|1
|-boost|p1a: Swampert|def|1
|
|-heal|p1a: Swampert|43/100|[from] item: Leftovers
|upkeep
|turn|31
|inactive|Skarpherim© has 180 seconds left.
|inactive|Skarpherim© has 150 seconds left.
|inactive|Skarpherim© has 120 seconds left.
|
|t:|1730240095
|switch|p2a: Celebi|Celebi|16/100
|-damage|p2a: Celebi|0 fnt|[from] Spikes
|faint|p2a: Celebi
|
|t:|1730240097
|switch|p2a: Zapdos|Zapdos|70/100
|
|-heal|p2a: Zapdos|76/100|[from] item: Leftovers
|-heal|p1a: Swampert|49/100|[from] item: Leftovers
|upkeep
|turn|32
|
|t:|1730240101
|move|p1a: Swampert|Protect|p1a: Swampert
|-singleturn|p1a: Swampert|Protect
|move|p2a: Zapdos|Substitute|p2a: Zapdos
|-start|p2a: Zapdos|Substitute
|-damage|p2a: Zapdos|52/100
|
|-heal|p2a: Zapdos|58/100|[from] item: Leftovers
|-heal|p1a: Swampert|55/100|[from] item: Leftovers
|upkeep
|turn|33
|inactive|Skarpherim© has 120 seconds left.
|
|t:|1730240114
|switch|p1a: Blissey|Blissey, F|100/100
|move|p2a: Zapdos|Hidden Power|p1a: Blissey
|-damage|p1a: Blissey|91/100
|
|-heal|p2a: Zapdos|64/100|[from] item: Leftovers
|-heal|p1a: Blissey|97/100|[from] item: Leftovers
|upkeep
|turn|34
|inactive|Skarpherim© has 120 seconds left.
|
|t:|1730240151
|move|p2a: Zapdos|Baton Pass|p2a: Zapdos
|
|t:|1730240158
|switch|p2a: Gyarados|Gyarados, F|46/100|[from] Baton Pass
|-ability|p2a: Gyarados|Intimidate|boost
|-unboost|p1a: Blissey|atk|1
|move|p1a: Blissey|Seismic Toss|p2a: Gyarados
|-end|p2a: Gyarados|Substitute
|
|-heal|p2a: Gyarados|52/100|[from] item: Leftovers
|-heal|p1a: Blissey|100/100|[from] item: Leftovers
|upkeep
|turn|35
|
|t:|1730240177
|switch|p1a: Salamence|Salamence, F|100/100
|-ability|p1a: Salamence|Intimidate|boost
|-unboost|p2a: Gyarados|atk|1
|move|p2a: Gyarados|Dragon Dance|p2a: Gyarados
|-boost|p2a: Gyarados|atk|1
|-boost|p2a: Gyarados|spe|1
|
|-heal|p2a: Gyarados|59/100|[from] item: Leftovers
|upkeep
|turn|36
|inactive|Skarpherim© has 90 seconds left.
|inactive|Skarpherim© has 60 seconds left.
|
|t:|1730240239
|move|p2a: Gyarados|Hidden Power|p1a: Salamence
|-supereffective|p1a: Salamence
|-damage|p1a: Salamence|41/100
|move|p1a: Salamence|Hidden Power|p2a: Gyarados
|-damage|p2a: Gyarados|0 fnt
|faint|p2a: Gyarados
|
|t:|1730240244
|switch|p2a: Aerodactyl|Aerodactyl, F|76/100
|
|upkeep
|turn|37
|inactive|Skarpherim© has 60 seconds left.
|inactive|lexitg has 270 seconds left.
|inactive|lexitg has 240 seconds left.
|
|t:|1730240322
|switch|p1a: Swampert|Swampert, F|55/100
|move|p2a: Aerodactyl|Double-Edge|p1a: Swampert
|-damage|p1a: Swampert|32/100
|
|-heal|p1a: Swampert|38/100|[from] item: Leftovers
|upkeep
|turn|38
|inactive|Skarpherim© has 60 seconds left.
|
|t:|1730240333
|move|p2a: Aerodactyl|Double-Edge|p1a: Swampert
|-damage|p1a: Swampert|14/100
|move|p1a: Swampert|Rock Slide|p2a: Aerodactyl
|-supereffective|p2a: Aerodactyl
|-damage|p2a: Aerodactyl|12/100
|
|-enditem|p2a: Aerodactyl|Liechi Berry|[eat]
|-boost|p2a: Aerodactyl|atk|1|[from] item: Liechi Berry
|-heal|p1a: Swampert|20/100|[from] item: Leftovers
|upkeep
|turn|39
|inactive|Skarpherim© has 60 seconds left.
|
|t:|1730240353
|move|p2a: Aerodactyl|Double-Edge|p1a: Swampert
|-damage|p1a: Swampert|0 fnt
|faint|p1a: Swampert
|
|t:|1730240355
|switch|p1a: Blissey|Blissey, F|100/100
|
|upkeep
|turn|40
|inactive|Skarpherim© has 30 seconds left.
|inactive|Skarpherim© has 20 seconds left.
|inactive|Skarpherim© has 15 seconds left.
|
|t:|1730240403
|move|p2a: Aerodactyl|Rock Slide|p1a: Blissey
|-damage|p1a: Blissey|50/100
|move|p1a: Blissey|Seismic Toss|p2a: Aerodactyl
|-damage|p2a: Aerodactyl|0 fnt
|faint|p2a: Aerodactyl
|inactive|Skarpherim© has 20 seconds left this turn.
|
|t:|1730240407
|switch|p2a: Metagross|Metagross|100/100
|-damage|p2a: Metagross|84/100|[from] Spikes
|
|-heal|p1a: Blissey|56/100|[from] item: Leftovers
|upkeep
|turn|41
|inactive|Skarpherim© has 30 seconds left this turn.
|inactive|lexitg has 240 seconds left.
|inactive|Skarpherim© has 20 seconds left.
|inactive|Skarpherim© has 15 seconds left.
|inactive|Skarpherim© has 10 seconds left.
|inactive|lexitg has 210 seconds left.
|
|t:|1730240448
|switch|p1a: Zapdos|Zapdos|100/100
|move|p2a: Metagross|Meteor Mash|p1a: Zapdos
|-resisted|p1a: Zapdos
|-damage|p1a: Zapdos|68/100
|-boost|p2a: Metagross|atk|1
|
|-heal|p1a: Zapdos|74/100|[from] item: Leftovers
|upkeep
|turn|42
|inactive|Skarpherim© has 20 seconds left this turn.
|inactive|Skarpherim© has 15 seconds left.
|inactive|lexitg has 210 seconds left.
|inactive|Skarpherim© has 10 seconds left.
|
|t:|1730240463
|move|p2a: Metagross|Agility|p2a: Metagross
|-boost|p2a: Metagross|spe|2
|move|p1a: Zapdos|Roar|p2a: Metagross
|drag|p2a: Zapdos|Zapdos|64/100
|
|-heal|p2a: Zapdos|70/100|[from] item: Leftovers
|-heal|p1a: Zapdos|80/100|[from] item: Leftovers
|upkeep
|turn|43
|inactive|Skarpherim© has 20 seconds left this turn.
|inactive|Skarpherim© has 15 seconds left.
|
|t:|1730240472
|move|p2a: Zapdos|Thunderbolt|p1a: Zapdos
|-damage|p1a: Zapdos|45/100
|move|p1a: Zapdos|Thunderbolt|p2a: Zapdos
|-damage|p2a: Zapdos|31/100
|
|-heal|p2a: Zapdos|37/100|[from] item: Leftovers
|-heal|p1a: Zapdos|51/100|[from] item: Leftovers
|upkeep
|turn|44
|inactive|Skarpherim© has 25 seconds left this turn.
|inactive|Skarpherim© has 20 seconds left.
|inactive|lexitg has 210 seconds left.
|inactive|lexitg has 180 seconds left.
|inactive|lexitg has 150 seconds left.
|inactive|lexitg has 120 seconds left.
|
|t:|1730240589
|move|p2a: Zapdos|Thunderbolt|p1a: Zapdos
|-damage|p1a: Zapdos|15/100
|move|p1a: Zapdos|Roar|p2a: Zapdos
|drag|p2a: Metagross|Metagross|84/100
|-damage|p2a: Metagross|68/100|[from] Spikes
|
|-heal|p1a: Zapdos|21/100|[from] item: Leftovers
|upkeep
|turn|45
|inactive|Skarpherim© has 30 seconds left this turn.
|inactive|Skarpherim© has 20 seconds left.
|inactive|Skarpherim© has 15 seconds left.
|inactive|Skarpherim© has 10 seconds left.
|
|t:|1730240613
|move|p1a: Zapdos|Thunderbolt|p2a: Metagross
|-damage|p2a: Metagross|25/100
|move|p2a: Metagross|Meteor Mash|p1a: Zapdos
|-resisted|p1a: Zapdos
|-damage|p1a: Zapdos|0 fnt
|faint|p1a: Zapdos
|inactive|Skarpherim© has 15 seconds left this turn.
|
|t:|1730240620
|switch|p1a: Salamence|Salamence, F|41/100
|-ability|p1a: Salamence|Intimidate|boost
|-fail|p2a: Metagross|unboost|[from] ability: Clear Body|[of] p2a: Metagross
|
|upkeep
|turn|46
|inactive|Skarpherim© has 25 seconds left this turn.
|inactive|Skarpherim© has 20 seconds left.
|inactive|Skarpherim© has 15 seconds left.
|inactive|Skarpherim© has 10 seconds left.
|inactive|lexitg has 90 seconds left.
|
|t:|1730240648
|move|p1a: Salamence|Brick Break|p2a: Metagross
|-damage|p2a: Metagross|0 fnt
|faint|p2a: Metagross
|inactive|Skarpherim© has 15 seconds left this turn.
|c|☆Skarpherim©|gg
|-message|Skarpherim© forfeited.
|
|win|lexitg
|inactive|Skarpherim© has 20 seconds left this turn.
|c|☆lexitg|gg
|c|☆lexitg|wp
|player|p2|

</script>
<script type="application/json" class="data" id="replaydata-smogtours-gen3ou-803369">
{"id":"smogtours-gen3ou-803369","format":"[Gen 3] OU","players":["lexitg","Skarpherim\u00a9"],"uploadtime":1730240652,"views":57,"formatid":"gen3ou","rating":null,"private":1,"password":null}
</script>

<script defer src="js/replays.js?9d40a366"></script>
