<!DOCTYPE html>
<meta charset="utf-8" />
<meta name="viewport" content="width=device-width" />

<title>[Gen 3] OU: aldrich_unfaithful vs. Spreek - Replays - Pok&eacute;mon Showdown!</title>

<meta name="description" content="Watch a replay of a Pok&eacute;mon battle between aldrich_unfaithful and Spreek! Format: [Gen 3] OU; Date: Nov 9, 2024" />
<!--

Hey, you! Looking in the source for the replay log?

You can find them in JSON format, just add `.json` at the end of a replay URL.

https://replay.pokemonshowdown.com/gen7randomdoublesbattle-865046831.json

Or, if you only need the log itself, add `.log` instead:

https://replay.pokemonshowdown.com/gen7randomdoublesbattle-865046831.log

-->

<link rel="stylesheet" href="//pokemonshowdown.com/style/global.css?0.023195364461161105" />
<link rel="stylesheet" href="//play.pokemonshowdown.com/style/font-awesome.css?0.13261647063804238" />
<link rel="stylesheet" href="//play.pokemonshowdown.com/style/battle.css?0.8753245789963631" />
<link rel="stylesheet" href="//play.pokemonshowdown.com/style/utilichart.css?0.8627959624976733" />

<!-- Global site tag (gtag.js) - Google Analytics -->
<script async src="https://www.googletagmanager.com/gtag/js?id=UA-26211653-1"></script>
<script>
  window.dataLayer = window.dataLayer || [];
  function gtag(){dataLayer.push(arguments);}
  gtag('js', new Date());

  gtag('config', 'UA-26211653-1');
</script>
<!-- End Google Analytics -->
<!-- Venatus Ad Manager - Install in <HEAD> of page -->
	<script src="https://hb.vntsm.com/v3/live/ad-manager.min.js" type="text/javascript" data-site-id="642aba63ec9a7b11c3c9c1be" data-mode="scan" async></script>
<!-- / Venatus Ad Manager -->

<style>
	@media (max-width:820px) {
		.battle {
			margin: 0 auto;
		}
		.battle-log {
			margin: 7px auto 0;
			max-width: 640px;
			height: 300px;
			position: static;
		}
	}
	.optgroup {
		display: inline-block;
		line-height: 22px;
		font-size: 10pt;
	}
	.optgroup .button {
		height: 25px;
		padding-top: 0;
		padding-bottom: 0;
	}
	.optgroup button.button {
		padding-left: 12px;
		padding-right: 12px;
	}
	.linklist {
		list-style: none;
		margin: 0.5em 0;
		padding: 0;
	}
	.linklist li {
		padding: 2px 0;
	}
	.sidebar {
		float: left;
		width: 320px;
	}
	.bar-wrapper {
		max-width: 1100px;
		margin: 0 auto;
	}
	.bar-wrapper.has-sidebar {
		max-width: 1430px;
	}
	.mainbar {
		margin: 0;
		padding-right: 1px;
	}
	.mainbar.has-sidebar {
		margin-left: 330px;
	}
	@media (min-width: 1511px) {
		.sidebar {
			width: 400px;
		}
		.bar-wrapper.has-sidebar {
			max-width: 1510px;
		}
		.mainbar.has-sidebar {
			margin-left: 410px;
		}
	}
	.section.first-section {
		margin-top: 9px;
	}
	.blocklink small {
		white-space: normal;
	}
	.button {
		vertical-align: middle;
	}
	.replay-controls {
		padding-top: 10px;
	}
	.replay-controls h1 {
		font-size: 16pt;
		font-weight: normal;
		color: #CCC;
	}
	.pagelink {
		text-align: center;
	}
	.pagelink a {
		width: 150px;
	}
	.textbox, .button {
		font-size: 11pt;
		vertical-align: middle;
	}
	@media (max-width: 450px) {
		.button {
			font-size: 9pt;
		}
	}
</style>

<div>

	<header>
		<div class="nav-wrapper"><ul class="nav">
			<li><a class="button nav-first" href="//pokemonshowdown.com/"><img src="//pokemonshowdown.com/images/pokemonshowdownbeta.png" srcset="//pokemonshowdown.com/images/pokemonshowdownbeta.png 1x, //pokemonshowdown.com/images/pokemonshowdownbeta@2x.png 2x" alt="Pok&eacute;mon Showdown" width="146" height="44" /> Home</a></li>
			<li><a class="button" href="//pokemonshowdown.com/dex/">Pok&eacute;dex</a></li>
			<li><a class="button cur" href="/">Replays</a></li>
			<li><a class="button" href="//pokemonshowdown.com/ladder/">Ladder</a></li>
			<li><a class="button nav-last" href="//pokemonshowdown.com/forums/">Forum</a></li>
			<li><a class="button greenbutton nav-first nav-last" href="//play.pokemonshowdown.com/">Play</a></li>
		</ul></div>
	</header>

	<div class="main" id="main">

		<noscript><section class="section">You need to enable JavaScript to use this page; sorry!</section></noscript>

	</div>

</div>

<script defer nomodule src="//play.pokemonshowdown.com/js/lib/ps-polyfill.js"></script>
<script defer src="//play.pokemonshowdown.com/js/lib/preact.min.js"></script>

<script defer src="//play.pokemonshowdown.com/config/config.js?2bddbc15"></script>
<script defer src="//play.pokemonshowdown.com/js/lib/jquery-1.11.0.min.js"></script>
<script defer src="//play.pokemonshowdown.com/js/lib/html-sanitizer-minified.js"></script>
<script defer src="//play.pokemonshowdown.com/js/battle-sound.js"></script>
<script defer src="//play.pokemonshowdown.com/js/battledata.js?0.7209276989879541"></script>
<script defer src="//play.pokemonshowdown.com/data/pokedex-mini.js?0.6111056340867951"></script>
<script defer src="//play.pokemonshowdown.com/data/pokedex-mini-bw.js?0.3532142036491459"></script>
<script defer src="//play.pokemonshowdown.com/data/graphics.js?0.24223875632456182"></script>
<script defer src="//play.pokemonshowdown.com/data/pokedex.js?0.38839984266356864"></script>
<script defer src="//play.pokemonshowdown.com/data/moves.js?0.21866028504024015"></script>
<script defer src="//play.pokemonshowdown.com/data/abilities.js?0.2005157953846628"></script>
<script defer src="//play.pokemonshowdown.com/data/items.js?0.9894211263848525"></script>
<script defer src="//play.pokemonshowdown.com/data/teambuilder-tables.js?0.6008791140282215"></script>
<script defer src="//play.pokemonshowdown.com/js/battle-tooltips.js?0.7580118955022959"></script>
<script defer src="//play.pokemonshowdown.com/js/battle.js?0.6057722274234274"></script>

<script defer src="js/utils.js?e31f9a17"></script>
<script defer src="js/replays-battle.js?7008c182"></script>

<!-- don't scrape this data! just add .json or .log after the URL!
Full API docs: https://github.com/smogon/pokemon-showdown-client/blob/master/WEB-API.md -->
<script type="text/plain" class="log" id="replaylog-smogtours-gen3ou-805486">
|inactive|Battle timer is ON: inactive players will automatically lose when time's up.
|t:|1731175158
|gametype|singles
|player|p1|aldrich_unfaithful|veteranf|
|player|p2|Spreek|170|
|teamsize|p1|6
|teamsize|p2|6
|gen|3
|tier|[Gen 3] OU
|rule|Sleep Clause Mod: Limit one foe put to sleep
|rule|Switch Priority Clause Mod: Faster Pokémon switch first
|rule|Species Clause: Limit one of each Pokémon
|rule|OHKO Clause: OHKO moves are banned
|rule|Evasion Items Clause: Evasion items are banned
|rule|Evasion Moves Clause: Evasion moves are banned
|rule|Endless Battle Clause: Forcing endless battles is banned
|rule|HP Percentage Mod: HP is shown in percentages
|rule|One Boost Passer Clause: Limit one Baton Passer that has a way to boost its stats
|rule|Freeze Clause Mod: Limit one foe frozen
|
|t:|1731175158
|start
|switch|p1a: Metagross|Metagross|100/100
|switch|p2a: Metagross|Metagross|100/100
|turn|1
|c|☆aldrich_unfaithful|glhf
|c|☆Spreek|u2
|inactive|aldrich_unfaithful has 270 seconds left.
|
|t:|1731175203
|move|p2a: Metagross|Earthquake|p1a: Metagross
|-supereffective|p1a: Metagross
|-damage|p1a: Metagross|46/100
|move|p1a: Metagross|Earthquake|p2a: Metagross
|-supereffective|p2a: Metagross
|-damage|p2a: Metagross|40/100
|
|-heal|p2a: Metagross|47/100|[from] item: Leftovers
|-heal|p1a: Metagross|52/100|[from] item: Leftovers
|upkeep
|turn|2
|inactive|aldrich_unfaithful has 270 seconds left.
|
|t:|1731175239
|move|p2a: Metagross|Agility|p2a: Metagross
|-boost|p2a: Metagross|spe|2
|move|p1a: Metagross|Earthquake|p2a: Metagross
|-supereffective|p2a: Metagross
|-damage|p2a: Metagross|0 fnt
|faint|p2a: Metagross
|inactive|Spreek has 270 seconds left.
|
|t:|1731175250
|switch|p2a: Swampert|Swampert, M|100/100
|
|-heal|p1a: Metagross|58/100|[from] item: Leftovers
|upkeep
|turn|3
|
|t:|1731175254
|switch|p1a: Zapdos|Zapdos|100/100
|move|p2a: Swampert|Surf|p1a: Zapdos
|-damage|p1a: Zapdos|80/100
|
|-heal|p1a: Zapdos|86/100|[from] item: Leftovers
|upkeep
|turn|4
|
|t:|1731175259
|move|p1a: Zapdos|Toxic|p2a: Swampert
|-status|p2a: Swampert|tox
|move|p2a: Swampert|Toxic|p1a: Zapdos
|-status|p1a: Zapdos|tox
|
|-heal|p1a: Zapdos|92/100 tox|[from] item: Leftovers
|-damage|p1a: Zapdos|86/100 tox|[from] psn
|-damage|p2a: Swampert|94/100 tox|[from] psn
|upkeep
|turn|5
|
|t:|1731175273
|move|p1a: Zapdos|Drill Peck|p2a: Swampert
|-damage|p2a: Swampert|78/100 tox
|move|p2a: Swampert|Refresh|p2a: Swampert
|-curestatus|p2a: Swampert|tox|[msg]
|
|-heal|p1a: Zapdos|92/100 tox|[from] item: Leftovers
|-damage|p1a: Zapdos|80/100 tox|[from] psn
|-heal|p2a: Swampert|84/100|[from] item: Leftovers
|upkeep
|turn|6
|
|t:|1731175280
|switch|p1a: Dragonite|Dragonite, F|100/100
|move|p2a: Swampert|Surf|p1a: Dragonite
|-resisted|p1a: Dragonite
|-damage|p1a: Dragonite|88/100
|
|-heal|p1a: Dragonite|94/100|[from] item: Leftovers
|-heal|p2a: Swampert|91/100|[from] item: Leftovers
|upkeep
|turn|7
|
|t:|1731175284
|switch|p2a: Raikou|Raikou|100/100
|move|p1a: Dragonite|Hidden Power|p2a: Raikou
|-resisted|p2a: Raikou
|-damage|p2a: Raikou|83/100
|
|-heal|p2a: Raikou|89/100|[from] item: Leftovers
|-heal|p1a: Dragonite|99/100|[from] item: Leftovers
|upkeep
|turn|8
|
|t:|1731175292
|switch|p1a: Blissey|Blissey, F|100/100
|move|p2a: Raikou|Calm Mind|p2a: Raikou
|-boost|p2a: Raikou|spa|1
|-boost|p2a: Raikou|spd|1
|
|-heal|p2a: Raikou|95/100|[from] item: Leftovers
|upkeep
|turn|9
|
|t:|1731175294
|move|p2a: Raikou|Substitute|p2a: Raikou
|-start|p2a: Raikou|Substitute
|-damage|p2a: Raikou|70/100
|move|p1a: Blissey|Calm Mind|p1a: Blissey
|-boost|p1a: Blissey|spa|1
|-boost|p1a: Blissey|spd|1
|
|-heal|p2a: Raikou|76/100|[from] item: Leftovers
|upkeep
|turn|10
|
|t:|1731175296
|move|p2a: Raikou|Calm Mind|p2a: Raikou
|-boost|p2a: Raikou|spa|1
|-boost|p2a: Raikou|spd|1
|move|p1a: Blissey|Calm Mind|p1a: Blissey
|-boost|p1a: Blissey|spa|1
|-boost|p1a: Blissey|spd|1
|
|-heal|p2a: Raikou|83/100|[from] item: Leftovers
|upkeep
|turn|11
|
|t:|1731175299
|move|p2a: Raikou|Calm Mind|p2a: Raikou
|-boost|p2a: Raikou|spa|1
|-boost|p2a: Raikou|spd|1
|move|p1a: Blissey|Calm Mind|p1a: Blissey
|-boost|p1a: Blissey|spa|1
|-boost|p1a: Blissey|spd|1
|
|-heal|p2a: Raikou|89/100|[from] item: Leftovers
|upkeep
|turn|12
|
|t:|1731175300
|move|p2a: Raikou|Calm Mind|p2a: Raikou
|-boost|p2a: Raikou|spa|1
|-boost|p2a: Raikou|spd|1
|move|p1a: Blissey|Calm Mind|p1a: Blissey
|-boost|p1a: Blissey|spa|1
|-boost|p1a: Blissey|spd|1
|
|-heal|p2a: Raikou|95/100|[from] item: Leftovers
|upkeep
|turn|13
|
|t:|1731175302
|move|p2a: Raikou|Calm Mind|p2a: Raikou
|-boost|p2a: Raikou|spa|1
|-boost|p2a: Raikou|spd|1
|move|p1a: Blissey|Calm Mind|p1a: Blissey
|-boost|p1a: Blissey|spa|1
|-boost|p1a: Blissey|spd|1
|
|-heal|p2a: Raikou|100/100|[from] item: Leftovers
|upkeep
|turn|14
|
|t:|1731175303
|move|p2a: Raikou|Calm Mind|p2a: Raikou
|-boost|p2a: Raikou|spa|1
|-boost|p2a: Raikou|spd|1
|move|p1a: Blissey|Calm Mind|p1a: Blissey
|-boost|p1a: Blissey|spa|1
|-boost|p1a: Blissey|spd|1
|
|upkeep
|turn|15
|
|t:|1731175306
|move|p2a: Raikou|Thunderbolt|p1a: Blissey
|-damage|p1a: Blissey|83/100
|move|p1a: Blissey|Flamethrower|p2a: Raikou
|-activate|p2a: Raikou|Substitute|[damage]
|
|-heal|p1a: Blissey|89/100|[from] item: Leftovers
|upkeep
|turn|16
|
|t:|1731175310
|move|p2a: Raikou|Thunderbolt|p1a: Blissey
|-damage|p1a: Blissey|73/100
|-status|p1a: Blissey|par
|move|p1a: Blissey|Flamethrower|p2a: Raikou
|-crit|p2a: Raikou
|-end|p2a: Raikou|Substitute
|
|-heal|p1a: Blissey|79/100 par|[from] item: Leftovers
|upkeep
|turn|17
|
|t:|1731175315
|move|p2a: Raikou|Substitute|p2a: Raikou
|-start|p2a: Raikou|Substitute
|-damage|p2a: Raikou|75/100
|move|p1a: Blissey|Flamethrower|p2a: Raikou
|-activate|p2a: Raikou|Substitute|[damage]
|
|-heal|p2a: Raikou|82/100|[from] item: Leftovers
|-heal|p1a: Blissey|85/100 par|[from] item: Leftovers
|upkeep
|turn|18
|
|t:|1731175318
|move|p2a: Raikou|Thunderbolt|p1a: Blissey
|-damage|p1a: Blissey|68/100 par
|move|p1a: Blissey|Flamethrower|p2a: Raikou
|-end|p2a: Raikou|Substitute
|
|-heal|p2a: Raikou|88/100|[from] item: Leftovers
|-heal|p1a: Blissey|74/100 par|[from] item: Leftovers
|upkeep
|turn|19
|
|t:|1731175328
|move|p2a: Raikou|Substitute|p2a: Raikou
|-start|p2a: Raikou|Substitute
|-damage|p2a: Raikou|63/100
|move|p1a: Blissey|Flamethrower|p2a: Raikou
|-activate|p2a: Raikou|Substitute|[damage]
|
|-heal|p2a: Raikou|69/100|[from] item: Leftovers
|-heal|p1a: Blissey|81/100 par|[from] item: Leftovers
|upkeep
|turn|20
|
|t:|1731175331
|move|p2a: Raikou|Thunderbolt|p1a: Blissey
|-damage|p1a: Blissey|65/100 par
|move|p1a: Blissey|Flamethrower|p2a: Raikou
|-end|p2a: Raikou|Substitute
|
|-heal|p2a: Raikou|75/100|[from] item: Leftovers
|-heal|p1a: Blissey|71/100 par|[from] item: Leftovers
|upkeep
|turn|21
|
|t:|1731175335
|move|p2a: Raikou|Substitute|p2a: Raikou
|-start|p2a: Raikou|Substitute
|-damage|p2a: Raikou|50/100
|move|p1a: Blissey|Soft-Boiled|p1a: Blissey
|-heal|p1a: Blissey|100/100 par
|
|-heal|p2a: Raikou|57/100|[from] item: Leftovers
|upkeep
|turn|22
|
|t:|1731175337
|move|p2a: Raikou|Thunderbolt|p1a: Blissey
|-damage|p1a: Blissey|83/100 par
|move|p1a: Blissey|Flamethrower|p2a: Raikou
|-activate|p2a: Raikou|Substitute|[damage]
|
|-heal|p2a: Raikou|63/100|[from] item: Leftovers
|-heal|p1a: Blissey|89/100 par|[from] item: Leftovers
|upkeep
|turn|23
|
|t:|1731175340
|move|p2a: Raikou|Thunderbolt|p1a: Blissey
|-damage|p1a: Blissey|73/100 par
|move|p1a: Blissey|Flamethrower|p2a: Raikou
|-end|p2a: Raikou|Substitute
|
|-heal|p2a: Raikou|69/100|[from] item: Leftovers
|-heal|p1a: Blissey|79/100 par|[from] item: Leftovers
|upkeep
|turn|24
|
|t:|1731175343
|move|p2a: Raikou|Substitute|p2a: Raikou
|-start|p2a: Raikou|Substitute
|-damage|p2a: Raikou|44/100
|move|p1a: Blissey|Flamethrower|p2a: Raikou
|-crit|p2a: Raikou
|-end|p2a: Raikou|Substitute
|
|-heal|p2a: Raikou|50/100|[from] item: Leftovers
|-heal|p1a: Blissey|85/100 par|[from] item: Leftovers
|upkeep
|turn|25
|
|t:|1731175367
|move|p2a: Raikou|Substitute|p2a: Raikou
|-start|p2a: Raikou|Substitute
|-damage|p2a: Raikou|25/100
|cant|p1a: Blissey|par
|
|-heal|p2a: Raikou|32/100|[from] item: Leftovers
|-heal|p1a: Blissey|91/100 par|[from] item: Leftovers
|upkeep
|turn|26
|
|t:|1731175370
|move|p2a: Raikou|Thunderbolt|p1a: Blissey
|-damage|p1a: Blissey|74/100 par
|move|p1a: Blissey|Flamethrower|p2a: Raikou
|-activate|p2a: Raikou|Substitute|[damage]
|
|-heal|p2a: Raikou|38/100|[from] item: Leftovers
|-heal|p1a: Blissey|80/100 par|[from] item: Leftovers
|upkeep
|turn|27
|
|t:|1731175373
|move|p2a: Raikou|Thunderbolt|p1a: Blissey
|-crit|p1a: Blissey
|-damage|p1a: Blissey|0 fnt
|faint|p1a: Blissey
|
|t:|1731175384
|switch|p1a: Claydol|Claydol|100/100
|
|-heal|p2a: Raikou|44/100|[from] item: Leftovers
|upkeep
|turn|28
|
|t:|1731175386
|move|p2a: Raikou|Hidden Power|p1a: Claydol
|-supereffective|p1a: Claydol
|-damage|p1a: Claydol|0 fnt
|faint|p1a: Claydol
|-message|aldrich_unfaithful forfeited.
|
|win|Spreek
|c|☆aldrich_unfaithful|gg
|c|☆Spreek|gg

</script>
<script type="application/json" class="data" id="replaydata-smogtours-gen3ou-805486">
{"id":"smogtours-gen3ou-805486","format":"[Gen 3] OU","players":["aldrich_unfaithful","Spreek"],"uploadtime":1731175393,"views":20,"formatid":"gen3ou","rating":null,"private":0,"password":null}
</script>

<script defer src="js/replays.js?9d40a366"></script>
