<!DOCTYPE html>
<meta charset="utf-8" />
<meta name="viewport" content="width=device-width" />

<title>[Gen 3] OU: incognidoqueen vs. HoChi_Pro - Replays - Pok&eacute;mon Showdown!</title>

<meta name="description" content="Watch a replay of a Pok&eacute;mon battle between incognidoqueen and HoChi_Pro! Format: [Gen 3] OU; Date: Oct 7, 2024" />
<!--

Hey, you! Looking in the source for the replay log?

You can find them in JSON format, just add `.json` at the end of a replay URL.

https://replay.pokemonshowdown.com/gen7randomdoublesbattle-865046831.json

Or, if you only need the log itself, add `.log` instead:

https://replay.pokemonshowdown.com/gen7randomdoublesbattle-865046831.log

-->

<link rel="stylesheet" href="//pokemonshowdown.com/style/global.css?0.023195364461161105" />
<link rel="stylesheet" href="//play.pokemonshowdown.com/style/font-awesome.css?0.13261647063804238" />
<link rel="stylesheet" href="//play.pokemonshowdown.com/style/battle.css?0.8753245789963631" />
<link rel="stylesheet" href="//play.pokemonshowdown.com/style/utilichart.css?0.8627959624976733" />

<!-- Global site tag (gtag.js) - Google Analytics -->
<script async src="https://www.googletagmanager.com/gtag/js?id=UA-26211653-1"></script>
<script>
  window.dataLayer = window.dataLayer || [];
  function gtag(){dataLayer.push(arguments);}
  gtag('js', new Date());

  gtag('config', 'UA-26211653-1');
</script>
<!-- End Google Analytics -->
<!-- Venatus Ad Manager - Install in <HEAD> of page -->
	<script src="https://hb.vntsm.com/v3/live/ad-manager.min.js" type="text/javascript" data-site-id="642aba63ec9a7b11c3c9c1be" data-mode="scan" async></script>
<!-- / Venatus Ad Manager -->

<style>
	@media (max-width:820px) {
		.battle {
			margin: 0 auto;
		}
		.battle-log {
			margin: 7px auto 0;
			max-width: 640px;
			height: 300px;
			position: static;
		}
	}
	.optgroup {
		display: inline-block;
		line-height: 22px;
		font-size: 10pt;
	}
	.optgroup .button {
		height: 25px;
		padding-top: 0;
		padding-bottom: 0;
	}
	.optgroup button.button {
		padding-left: 12px;
		padding-right: 12px;
	}
	.linklist {
		list-style: none;
		margin: 0.5em 0;
		padding: 0;
	}
	.linklist li {
		padding: 2px 0;
	}
	.sidebar {
		float: left;
		width: 320px;
	}
	.bar-wrapper {
		max-width: 1100px;
		margin: 0 auto;
	}
	.bar-wrapper.has-sidebar {
		max-width: 1430px;
	}
	.mainbar {
		margin: 0;
		padding-right: 1px;
	}
	.mainbar.has-sidebar {
		margin-left: 330px;
	}
	@media (min-width: 1511px) {
		.sidebar {
			width: 400px;
		}
		.bar-wrapper.has-sidebar {
			max-width: 1510px;
		}
		.mainbar.has-sidebar {
			margin-left: 410px;
		}
	}
	.section.first-section {
		margin-top: 9px;
	}
	.blocklink small {
		white-space: normal;
	}
	.button {
		vertical-align: middle;
	}
	.replay-controls {
		padding-top: 10px;
	}
	.replay-controls h1 {
		font-size: 16pt;
		font-weight: normal;
		color: #CCC;
	}
	.pagelink {
		text-align: center;
	}
	.pagelink a {
		width: 150px;
	}
	.textbox, .button {
		font-size: 11pt;
		vertical-align: middle;
	}
	@media (max-width: 450px) {
		.button {
			font-size: 9pt;
		}
	}
</style>

<div>

	<header>
		<div class="nav-wrapper"><ul class="nav">
			<li><a class="button nav-first" href="//pokemonshowdown.com/"><img src="//pokemonshowdown.com/images/pokemonshowdownbeta.png" srcset="//pokemonshowdown.com/images/pokemonshowdownbeta.png 1x, //pokemonshowdown.com/images/pokemonshowdownbeta@2x.png 2x" alt="Pok&eacute;mon Showdown" width="146" height="44" /> Home</a></li>
			<li><a class="button" href="//pokemonshowdown.com/dex/">Pok&eacute;dex</a></li>
			<li><a class="button cur" href="/">Replays</a></li>
			<li><a class="button" href="//pokemonshowdown.com/ladder/">Ladder</a></li>
			<li><a class="button nav-last" href="//pokemonshowdown.com/forums/">Forum</a></li>
			<li><a class="button greenbutton nav-first nav-last" href="//play.pokemonshowdown.com/">Play</a></li>
		</ul></div>
	</header>

	<div class="main" id="main">

		<noscript><section class="section">You need to enable JavaScript to use this page; sorry!</section></noscript>

	</div>

</div>

<script defer nomodule src="//play.pokemonshowdown.com/js/lib/ps-polyfill.js"></script>
<script defer src="//play.pokemonshowdown.com/js/lib/preact.min.js"></script>

<script defer src="//play.pokemonshowdown.com/config/config.js?2bddbc15"></script>
<script defer src="//play.pokemonshowdown.com/js/lib/jquery-1.11.0.min.js"></script>
<script defer src="//play.pokemonshowdown.com/js/lib/html-sanitizer-minified.js"></script>
<script defer src="//play.pokemonshowdown.com/js/battle-sound.js"></script>
<script defer src="//play.pokemonshowdown.com/js/battledata.js?0.7209276989879541"></script>
<script defer src="//play.pokemonshowdown.com/data/pokedex-mini.js?0.6111056340867951"></script>
<script defer src="//play.pokemonshowdown.com/data/pokedex-mini-bw.js?0.3532142036491459"></script>
<script defer src="//play.pokemonshowdown.com/data/graphics.js?0.24223875632456182"></script>
<script defer src="//play.pokemonshowdown.com/data/pokedex.js?0.38839984266356864"></script>
<script defer src="//play.pokemonshowdown.com/data/moves.js?0.21866028504024015"></script>
<script defer src="//play.pokemonshowdown.com/data/abilities.js?0.2005157953846628"></script>
<script defer src="//play.pokemonshowdown.com/data/items.js?0.9894211263848525"></script>
<script defer src="//play.pokemonshowdown.com/data/teambuilder-tables.js?0.6008791140282215"></script>
<script defer src="//play.pokemonshowdown.com/js/battle-tooltips.js?0.7580118955022959"></script>
<script defer src="//play.pokemonshowdown.com/js/battle.js?0.6057722274234274"></script>

<script defer src="js/utils.js?e31f9a17"></script>
<script defer src="js/replays-battle.js?7008c182"></script>

<!-- don't scrape this data! just add .json or .log after the URL!
Full API docs: https://github.com/smogon/pokemon-showdown-client/blob/master/WEB-API.md -->
<script type="text/plain" class="log" id="replaylog-smogtours-gen3ou-796273">
|inactive|Battle timer is ON: inactive players will automatically lose when time's up.
|t:|1728341483
|gametype|singles
|player|p1|incognidoqueen|clerkf|
|player|p2|HoChi_Pro|2|
|teamsize|p1|6
|teamsize|p2|6
|gen|3
|tier|[Gen 3] OU
|rule|Sleep Clause Mod: Limit one foe put to sleep
|rule|Switch Priority Clause Mod: Faster Pokémon switch first
|rule|Species Clause: Limit one of each Pokémon
|rule|OHKO Clause: OHKO moves are banned
|rule|Evasion Items Clause: Evasion items are banned
|rule|Evasion Moves Clause: Evasion moves are banned
|rule|Endless Battle Clause: Forcing endless battles is banned
|rule|HP Percentage Mod: HP is shown in percentages
|rule|One Boost Passer Clause: Limit one Baton Passer that has a way to boost its stats
|rule|Freeze Clause Mod: Limit one foe frozen
|
|t:|1728341483
|start
|switch|p1a: Big Science|Venusaur, M|100/100
|switch|p2a: Zapdos|Zapdos|100/100
|turn|1
|c|☆incognidoqueen|Glhf
|c|☆HoChi_Pro|y2
|
|t:|1728341500
|move|p2a: Zapdos|Thunder Wave|p1a: Big Science
|-status|p1a: Big Science|par
|move|p1a: Big Science|Sludge Bomb|p2a: Zapdos
|-damage|p2a: Zapdos|66/100
|
|-heal|p2a: Zapdos|72/100|[from] item: Leftovers
|upkeep
|turn|2
|
|t:|1728341522
|move|p2a: Zapdos|Baton Pass|p2a: Zapdos
|
|t:|1728341526
|switch|p2a: Metagross|Metagross|100/100|[from] Baton Pass
|move|p1a: Big Science|Sleep Powder|p2a: Metagross|[miss]
|-miss|p1a: Big Science|p2a: Metagross
|
|upkeep
|turn|3
|
|t:|1728341551
|move|p2a: Metagross|Earthquake|p1a: Big Science
|-damage|p1a: Big Science|47/100 par
|move|p1a: Big Science|Leech Seed|p2a: Metagross
|-start|p2a: Metagross|move: Leech Seed
|
|-damage|p2a: Metagross|88/100|[from] Leech Seed|[of] p1a: Big Science
|-heal|p1a: Big Science|58/100 par|[silent]
|-heal|p1a: Big Science|64/100 par|[from] item: Leftovers
|upkeep
|turn|4
|
|t:|1728341558
|switch|p2a: Celebi|Celebi|100/100
|move|p1a: Big Science|Synthesis|p1a: Big Science
|-heal|p1a: Big Science|100/100 par
|
|upkeep
|turn|5
|
|t:|1728341564
|switch|p1a: Walk The Dog|Houndoom, M|100/100
|move|p2a: Celebi|Calm Mind|p2a: Celebi
|-boost|p2a: Celebi|spa|1
|-boost|p2a: Celebi|spd|1
|
|upkeep
|turn|6
|
|t:|1728341571
|move|p2a: Celebi|Baton Pass|p2a: Celebi
|
|t:|1728341575
|switch|p2a: Swampert|Swampert, M|100/100|[from] Baton Pass
|move|p1a: Walk The Dog|Fire Blast|p2a: Swampert
|-resisted|p2a: Swampert
|-damage|p2a: Swampert|82/100
|-status|p2a: Swampert|brn
|
|-heal|p2a: Swampert|88/100 brn|[from] item: Leftovers
|-damage|p2a: Swampert|76/100 brn|[from] brn
|upkeep
|turn|7
|
|t:|1728341590
|switch|p1a: It Tango|Cloyster, F|100/100
|move|p2a: Swampert|Refresh|p2a: Swampert
|-curestatus|p2a: Swampert|brn|[msg]
|
|-heal|p2a: Swampert|82/100|[from] item: Leftovers
|upkeep
|turn|8
|
|t:|1728341596
|move|p1a: It Tango|Spikes|p2a: Swampert
|-sidestart|p2: HoChi_Pro|Spikes
|move|p2a: Swampert|Hydro Pump|p1a: It Tango
|-resisted|p1a: It Tango
|-damage|p1a: It Tango|38/100
|
|-heal|p1a: It Tango|45/100|[from] item: Leftovers
|-heal|p2a: Swampert|88/100|[from] item: Leftovers
|upkeep
|turn|9
|
|t:|1728341603
|move|p2a: Swampert|Protect|p2a: Swampert
|-singleturn|p2a: Swampert|Protect
|move|p1a: It Tango|Explosion|p2a: Swampert
|-activate|p2a: Swampert|Protect
|faint|p1a: It Tango
|
|t:|1728341613
|switch|p1a: Sweaters|Dusclops, F, shiny|100/100
|
|-heal|p2a: Swampert|94/100|[from] item: Leftovers
|upkeep
|turn|10
|
|t:|1728341624
|move|p2a: Swampert|Hydro Pump|p1a: Sweaters
|-damage|p1a: Sweaters|45/100
|move|p1a: Sweaters|Pain Split|p2a: Swampert
|-sethp|p2a: Swampert|63/100|[from] move: Pain Split|[silent]
|-sethp|p1a: Sweaters|89/100|[from] move: Pain Split
|
|-heal|p2a: Swampert|69/100|[from] item: Leftovers
|-heal|p1a: Sweaters|95/100|[from] item: Leftovers
|upkeep
|turn|11
|
|t:|1728341633
|move|p2a: Swampert|Protect|p2a: Swampert
|-singleturn|p2a: Swampert|Protect
|move|p1a: Sweaters|Shadow Ball|p2a: Swampert
|-activate|p2a: Swampert|Protect
|
|-heal|p2a: Swampert|75/100|[from] item: Leftovers
|-heal|p1a: Sweaters|100/100|[from] item: Leftovers
|upkeep
|turn|12
|
|t:|1728341648
|move|p2a: Swampert|Hydro Pump|p1a: Sweaters
|-damage|p1a: Sweaters|42/100
|move|p1a: Sweaters|Pain Split|p2a: Swampert
|-sethp|p2a: Swampert|53/100|[from] move: Pain Split|[silent]
|-sethp|p1a: Sweaters|74/100|[from] move: Pain Split
|
|-heal|p2a: Swampert|59/100|[from] item: Leftovers
|-heal|p1a: Sweaters|80/100|[from] item: Leftovers
|upkeep
|turn|13
|
|t:|1728341656
|move|p2a: Swampert|Hydro Pump|p1a: Sweaters
|-damage|p1a: Sweaters|26/100
|move|p1a: Sweaters|Shadow Ball|p2a: Swampert
|-damage|p2a: Swampert|37/100
|
|-heal|p2a: Swampert|44/100|[from] item: Leftovers
|-heal|p1a: Sweaters|32/100|[from] item: Leftovers
|upkeep
|turn|14
|
|t:|1728341666
|switch|p1a: Big Science|Venusaur, M|100/100 par
|move|p2a: Swampert|Hydro Pump|p1a: Big Science
|-resisted|p1a: Big Science
|-damage|p1a: Big Science|74/100 par
|
|-heal|p2a: Swampert|50/100|[from] item: Leftovers
|-heal|p1a: Big Science|80/100 par|[from] item: Leftovers
|upkeep
|turn|15
|
|t:|1728341678
|switch|p2a: Celebi|Celebi|100/100
|-damage|p2a: Celebi|88/100|[from] Spikes
|move|p1a: Big Science|Leech Seed|p2a: Celebi
|-immune|p2a: Celebi
|
|-heal|p2a: Celebi|94/100|[from] item: Leftovers
|-heal|p1a: Big Science|86/100 par|[from] item: Leftovers
|upkeep
|turn|16
|
|t:|1728341685
|switch|p1a: O Superman|Salamence, F|100/100
|-ability|p1a: O Superman|Intimidate|boost
|-unboost|p2a: Celebi|atk|1
|move|p2a: Celebi|Calm Mind|p2a: Celebi
|-boost|p2a: Celebi|spa|1
|-boost|p2a: Celebi|spd|1
|
|-heal|p2a: Celebi|99/100|[from] item: Leftovers
|upkeep
|turn|17
|
|t:|1728341692
|move|p2a: Celebi|Hidden Power|p1a: O Superman
|-supereffective|p1a: O Superman
|-damage|p1a: O Superman|0 fnt
|faint|p1a: O Superman
|
|t:|1728341695
|switch|p1a: Walk The Dog|Houndoom, M|100/100
|
|-heal|p2a: Celebi|100/100|[from] item: Leftovers
|upkeep
|turn|18
|
|t:|1728341699
|move|p2a: Celebi|Baton Pass|p2a: Celebi
|
|t:|1728341707
|switch|p2a: Starmie|Starmie|100/100|[from] Baton Pass
|-damage|p2a: Starmie|88/100|[from] Spikes
|move|p1a: Walk The Dog|Crunch|p2a: Starmie
|-supereffective|p2a: Starmie
|-damage|p2a: Starmie|29/100
|
|-heal|p2a: Starmie|35/100|[from] item: Leftovers
|upkeep
|turn|19
|
|t:|1728341716
|switch|p1a: Big Science|Venusaur, M|86/100 par
|move|p2a: Starmie|Surf|p1a: Big Science
|-resisted|p1a: Big Science
|-damage|p1a: Big Science|65/100 par
|
|-heal|p2a: Starmie|41/100|[from] item: Leftovers
|-heal|p1a: Big Science|71/100 par|[from] item: Leftovers
|upkeep
|turn|20
|
|t:|1728341722
|move|p2a: Starmie|Recover|p2a: Starmie
|-heal|p2a: Starmie|91/100
|move|p1a: Big Science|Leech Seed|p2a: Starmie
|-start|p2a: Starmie|move: Leech Seed
|
|-heal|p2a: Starmie|97/100|[from] item: Leftovers
|-damage|p2a: Starmie|85/100|[from] Leech Seed|[of] p1a: Big Science
|-heal|p1a: Big Science|82/100 par|[silent]
|-heal|p1a: Big Science|88/100 par|[from] item: Leftovers
|upkeep
|turn|21
|
|t:|1728341729
|switch|p2a: Gengar|Gengar, M|100/100
|move|p1a: Big Science|Sludge Bomb|p2a: Gengar
|-resisted|p2a: Gengar
|-damage|p2a: Gengar|91/100
|
|-heal|p2a: Gengar|97/100|[from] item: Leftovers
|-heal|p1a: Big Science|94/100 par|[from] item: Leftovers
|upkeep
|turn|22
|
|t:|1728341738
|switch|p1a: Sweaters|Dusclops, F, shiny|32/100
|move|p2a: Gengar|Thunderbolt|p1a: Sweaters
|-damage|p1a: Sweaters|9/100
|
|-heal|p2a: Gengar|100/100|[from] item: Leftovers
|-heal|p1a: Sweaters|15/100|[from] item: Leftovers
|upkeep
|turn|23
|
|t:|1728341747
|switch|p1a: Walk The Dog|Houndoom, M|100/100
|move|p2a: Gengar|Thunderbolt|p1a: Walk The Dog
|-damage|p1a: Walk The Dog|62/100
|
|-heal|p1a: Walk The Dog|68/100|[from] item: Leftovers
|upkeep
|turn|24
|
|t:|1728341758
|move|p2a: Gengar|Explosion|p1a: Walk The Dog
|-crit|p1a: Walk The Dog
|-damage|p1a: Walk The Dog|0 fnt
|faint|p2a: Gengar
|faint|p1a: Walk The Dog
|
|t:|1728341767
|switch|p2a: Celebi|Celebi|100/100
|switch|p1a: Sweaters|Dusclops, F, shiny|15/100
|-damage|p2a: Celebi|88/100|[from] Spikes
|
|-heal|p2a: Celebi|94/100|[from] item: Leftovers
|-heal|p1a: Sweaters|21/100|[from] item: Leftovers
|upkeep
|turn|25
|
|t:|1728341771
|move|p2a: Celebi|Giga Drain|p1a: Sweaters
|-crit|p1a: Sweaters
|-damage|p1a: Sweaters|0 fnt
|-heal|p2a: Celebi|100/100|[from] drain|[of] p1a: Sweaters
|faint|p1a: Sweaters
|
|t:|1728341786
|switch|p1a: Let X=X|Metagross|100/100
|
|upkeep
|turn|26
|
|t:|1728341809
|move|p2a: Celebi|Calm Mind|p2a: Celebi
|-boost|p2a: Celebi|spa|1
|-boost|p2a: Celebi|spd|1
|move|p1a: Let X=X|Explosion|p2a: Celebi
|-damage|p2a: Celebi|0 fnt
|faint|p1a: Let X=X
|faint|p2a: Celebi
|
|t:|1728341815
|switch|p2a: Metagross|Metagross|88/100
|switch|p1a: Big Science|Venusaur, M|94/100 par
|-damage|p2a: Metagross|76/100|[from] Spikes
|
|-heal|p1a: Big Science|100/100 par|[from] item: Leftovers
|upkeep
|turn|27
|
|t:|1728341822
|move|p2a: Metagross|Explosion|p1a: Big Science
|-damage|p1a: Big Science|0 fnt
|faint|p2a: Metagross
|faint|p1a: Big Science
|
|win|HoChi_Pro
|c|☆incognidoqueen|Wp I got owned

</script>
<script type="application/json" class="data" id="replaydata-smogtours-gen3ou-796273">
{"id":"smogtours-gen3ou-796273","format":"[Gen 3] OU","players":["incognidoqueen","HoChi_Pro"],"uploadtime":1728341822,"views":84,"formatid":"gen3ou","rating":null,"private":0,"password":null}
</script>

<script defer src="js/replays.js?9d40a366"></script>
