<!DOCTYPE html>
<meta charset="utf-8" />
<meta name="viewport" content="width=device-width" />

<title>[Gen 3] OU: lucyisafish vs. squeenr - Replays - Pok&eacute;mon Showdown!</title>

<meta name="description" content="Watch a replay of a Pok&eacute;mon battle between lucyisafish and squeenr! Format: [Gen 3] OU; Date: Oct 15, 2024" />
<!--

Hey, you! Looking in the source for the replay log?

You can find them in JSON format, just add `.json` at the end of a replay URL.

https://replay.pokemonshowdown.com/gen7randomdoublesbattle-865046831.json

Or, if you only need the log itself, add `.log` instead:

https://replay.pokemonshowdown.com/gen7randomdoublesbattle-865046831.log

-->

<link rel="stylesheet" href="//pokemonshowdown.com/style/global.css?0.023195364461161105" />
<link rel="stylesheet" href="//play.pokemonshowdown.com/style/font-awesome.css?0.13261647063804238" />
<link rel="stylesheet" href="//play.pokemonshowdown.com/style/battle.css?0.8753245789963631" />
<link rel="stylesheet" href="//play.pokemonshowdown.com/style/utilichart.css?0.8627959624976733" />

<!-- Global site tag (gtag.js) - Google Analytics -->
<script async src="https://www.googletagmanager.com/gtag/js?id=UA-26211653-1"></script>
<script>
  window.dataLayer = window.dataLayer || [];
  function gtag(){dataLayer.push(arguments);}
  gtag('js', new Date());

  gtag('config', 'UA-26211653-1');
</script>
<!-- End Google Analytics -->
<!-- Venatus Ad Manager - Install in <HEAD> of page -->
	<script src="https://hb.vntsm.com/v3/live/ad-manager.min.js" type="text/javascript" data-site-id="642aba63ec9a7b11c3c9c1be" data-mode="scan" async></script>
<!-- / Venatus Ad Manager -->

<style>
	@media (max-width:820px) {
		.battle {
			margin: 0 auto;
		}
		.battle-log {
			margin: 7px auto 0;
			max-width: 640px;
			height: 300px;
			position: static;
		}
	}
	.optgroup {
		display: inline-block;
		line-height: 22px;
		font-size: 10pt;
	}
	.optgroup .button {
		height: 25px;
		padding-top: 0;
		padding-bottom: 0;
	}
	.optgroup button.button {
		padding-left: 12px;
		padding-right: 12px;
	}
	.linklist {
		list-style: none;
		margin: 0.5em 0;
		padding: 0;
	}
	.linklist li {
		padding: 2px 0;
	}
	.sidebar {
		float: left;
		width: 320px;
	}
	.bar-wrapper {
		max-width: 1100px;
		margin: 0 auto;
	}
	.bar-wrapper.has-sidebar {
		max-width: 1430px;
	}
	.mainbar {
		margin: 0;
		padding-right: 1px;
	}
	.mainbar.has-sidebar {
		margin-left: 330px;
	}
	@media (min-width: 1511px) {
		.sidebar {
			width: 400px;
		}
		.bar-wrapper.has-sidebar {
			max-width: 1510px;
		}
		.mainbar.has-sidebar {
			margin-left: 410px;
		}
	}
	.section.first-section {
		margin-top: 9px;
	}
	.blocklink small {
		white-space: normal;
	}
	.button {
		vertical-align: middle;
	}
	.replay-controls {
		padding-top: 10px;
	}
	.replay-controls h1 {
		font-size: 16pt;
		font-weight: normal;
		color: #CCC;
	}
	.pagelink {
		text-align: center;
	}
	.pagelink a {
		width: 150px;
	}
	.textbox, .button {
		font-size: 11pt;
		vertical-align: middle;
	}
	@media (max-width: 450px) {
		.button {
			font-size: 9pt;
		}
	}
</style>

<div>

	<header>
		<div class="nav-wrapper"><ul class="nav">
			<li><a class="button nav-first" href="//pokemonshowdown.com/"><img src="//pokemonshowdown.com/images/pokemonshowdownbeta.png" srcset="//pokemonshowdown.com/images/pokemonshowdownbeta.png 1x, //pokemonshowdown.com/images/pokemonshowdownbeta@2x.png 2x" alt="Pok&eacute;mon Showdown" width="146" height="44" /> Home</a></li>
			<li><a class="button" href="//pokemonshowdown.com/dex/">Pok&eacute;dex</a></li>
			<li><a class="button cur" href="/">Replays</a></li>
			<li><a class="button" href="//pokemonshowdown.com/ladder/">Ladder</a></li>
			<li><a class="button nav-last" href="//pokemonshowdown.com/forums/">Forum</a></li>
			<li><a class="button greenbutton nav-first nav-last" href="//play.pokemonshowdown.com/">Play</a></li>
		</ul></div>
	</header>

	<div class="main" id="main">

		<noscript><section class="section">You need to enable JavaScript to use this page; sorry!</section></noscript>

	</div>

</div>

<script defer nomodule src="//play.pokemonshowdown.com/js/lib/ps-polyfill.js"></script>
<script defer src="//play.pokemonshowdown.com/js/lib/preact.min.js"></script>

<script defer src="//play.pokemonshowdown.com/config/config.js?2bddbc15"></script>
<script defer src="//play.pokemonshowdown.com/js/lib/jquery-1.11.0.min.js"></script>
<script defer src="//play.pokemonshowdown.com/js/lib/html-sanitizer-minified.js"></script>
<script defer src="//play.pokemonshowdown.com/js/battle-sound.js"></script>
<script defer src="//play.pokemonshowdown.com/js/battledata.js?0.7209276989879541"></script>
<script defer src="//play.pokemonshowdown.com/data/pokedex-mini.js?0.6111056340867951"></script>
<script defer src="//play.pokemonshowdown.com/data/pokedex-mini-bw.js?0.3532142036491459"></script>
<script defer src="//play.pokemonshowdown.com/data/graphics.js?0.24223875632456182"></script>
<script defer src="//play.pokemonshowdown.com/data/pokedex.js?0.38839984266356864"></script>
<script defer src="//play.pokemonshowdown.com/data/moves.js?0.21866028504024015"></script>
<script defer src="//play.pokemonshowdown.com/data/abilities.js?0.2005157953846628"></script>
<script defer src="//play.pokemonshowdown.com/data/items.js?0.9894211263848525"></script>
<script defer src="//play.pokemonshowdown.com/data/teambuilder-tables.js?0.6008791140282215"></script>
<script defer src="//play.pokemonshowdown.com/js/battle-tooltips.js?0.7580118955022959"></script>
<script defer src="//play.pokemonshowdown.com/js/battle.js?0.6057722274234274"></script>

<script defer src="js/utils.js?e31f9a17"></script>
<script defer src="js/replays-battle.js?7008c182"></script>

<!-- don't scrape this data! just add .json or .log after the URL!
Full API docs: https://github.com/smogon/pokemon-showdown-client/blob/master/WEB-API.md -->
<script type="text/plain" class="log" id="replaylog-smogtours-gen3ou-799062">
|inactive|Battle timer is ON: inactive players will automatically lose when time's up.
|t:|1729033304
|gametype|singles
|player|p1|lucyisafish|flannery|
|player|p2|squeenr|102|
|teamsize|p1|6
|teamsize|p2|6
|gen|3
|tier|[Gen 3] OU
|rule|Sleep Clause Mod: Limit one foe put to sleep
|rule|Switch Priority Clause Mod: Faster Pokémon switch first
|rule|Species Clause: Limit one of each Pokémon
|rule|OHKO Clause: OHKO moves are banned
|rule|Evasion Items Clause: Evasion items are banned
|rule|Evasion Moves Clause: Evasion moves are banned
|rule|Endless Battle Clause: Forcing endless battles is banned
|rule|HP Percentage Mod: HP is shown in percentages
|rule|One Boost Passer Clause: Limit one Baton Passer that has a way to boost its stats
|rule|Freeze Clause Mod: Limit one foe frozen
|
|t:|1729033304
|start
|switch|p1a: Breloom|Breloom, M|100/100
|switch|p2a: Heracross|Heracross, F|100/100
|turn|1
|c|☆squeenr|gl hf!
|inactive|lucyisafish has 270 seconds left.
|
|t:|1729033343
|switch|p1a: Charizard|Charizard, M|100/100
|move|p2a: Heracross|Megahorn|p1a: Charizard
|-resisted|p1a: Charizard
|-damage|p1a: Charizard|66/100
|
|-heal|p1a: Charizard|73/100|[from] item: Leftovers
|upkeep
|turn|2
|
|t:|1729033361
|switch|p2a: Salamence|Salamence, M|100/100
|-ability|p2a: Salamence|Intimidate|boost
|-unboost|p1a: Charizard|atk|1
|move|p1a: Charizard|Substitute|p1a: Charizard
|-start|p1a: Charizard|Substitute
|-damage|p1a: Charizard|48/100
|
|-heal|p1a: Charizard|54/100|[from] item: Leftovers
|upkeep
|turn|3
|
|t:|1729033377
|move|p1a: Charizard|Fire Blast|p2a: Salamence
|-resisted|p2a: Salamence
|-damage|p2a: Salamence|70/100
|move|p2a: Salamence|Rock Slide|p1a: Charizard
|-supereffective|p1a: Charizard
|-end|p1a: Charizard|Substitute
|
|-heal|p1a: Charizard|60/100|[from] item: Leftovers
|-heal|p2a: Salamence|76/100|[from] item: Leftovers
|upkeep
|turn|4
|inactive|lucyisafish has 270 seconds left.
|
|t:|1729033403
|switch|p1a: Dugtrio|Dugtrio, M|100/100
|move|p2a: Salamence|Rock Slide|p1a: Dugtrio
|-resisted|p1a: Dugtrio
|-damage|p1a: Dugtrio|59/100
|
|-heal|p2a: Salamence|82/100|[from] item: Leftovers
|upkeep
|turn|5
|inactive|lucyisafish has 270 seconds left.
|
|t:|1729033426
|move|p1a: Dugtrio|Rock Slide|p2a: Salamence
|-supereffective|p2a: Salamence
|-damage|p2a: Salamence|6/100
|move|p2a: Salamence|Dragon Dance|p2a: Salamence
|-boost|p2a: Salamence|atk|1
|-boost|p2a: Salamence|spe|1
|
|-heal|p2a: Salamence|12/100|[from] item: Leftovers
|upkeep
|turn|6
|inactive|lucyisafish has 270 seconds left.
|
|t:|1729033449
|move|p2a: Salamence|Hidden Power|p1a: Dugtrio
|-damage|p1a: Dugtrio|0 fnt
|faint|p1a: Dugtrio
|
|t:|1729033456
|switch|p1a: Breloom|Breloom, M|100/100
|
|-heal|p2a: Salamence|18/100|[from] item: Leftovers
|upkeep
|turn|7
|
|t:|1729033461
|move|p1a: Breloom|Mach Punch|p2a: Salamence
|-resisted|p2a: Salamence
|-damage|p2a: Salamence|5/100
|move|p2a: Salamence|Hidden Power|p1a: Breloom
|-supereffective|p1a: Breloom
|-damage|p1a: Breloom|0 fnt
|faint|p1a: Breloom
|
|t:|1729033467
|switch|p1a: Tyranitar|Tyranitar, M|100/100
|-weather|Sandstorm|[from] ability: Sand Stream|[of] p1a: Tyranitar
|
|-weather|Sandstorm|[upkeep]
|-damage|p2a: Salamence|0 fnt|[from] Sandstorm
|faint|p2a: Salamence
|upkeep
|
|t:|1729033479
|switch|p2a: Heracross|Heracross, F|100/100
|turn|8
|inactive|lucyisafish has 270 seconds left.
|
|t:|1729033506
|move|p2a: Heracross|Brick Break|p1a: Tyranitar
|-supereffective|p1a: Tyranitar
|-damage|p1a: Tyranitar|0 fnt
|faint|p1a: Tyranitar
|
|t:|1729033508
|switch|p1a: Charizard|Charizard, M|60/100
|
|-weather|Sandstorm|[upkeep]
|-damage|p1a: Charizard|54/100|[from] Sandstorm
|-damage|p2a: Heracross|95/100|[from] Sandstorm
|-heal|p1a: Charizard|60/100|[from] item: Leftovers
|upkeep
|turn|9
|
|t:|1729033523
|switch|p2a: Miltank|Miltank, F|100/100
|move|p1a: Charizard|Fire Blast|p2a: Miltank
|-damage|p2a: Miltank|64/100
|
|-weather|Sandstorm|[upkeep]
|-damage|p1a: Charizard|54/100|[from] Sandstorm
|-damage|p2a: Miltank|57/100|[from] Sandstorm
|-heal|p1a: Charizard|60/100|[from] item: Leftovers
|-heal|p2a: Miltank|64/100|[from] item: Leftovers
|upkeep
|turn|10
|
|t:|1729033541
|switch|p1a: Regice|Regice|100/100
|move|p2a: Miltank|Body Slam|p1a: Regice
|-damage|p1a: Regice|72/100
|-status|p1a: Regice|par
|
|-weather|Sandstorm|[upkeep]
|-damage|p2a: Miltank|57/100|[from] Sandstorm
|-damage|p1a: Regice|66/100 par|[from] Sandstorm
|-heal|p2a: Miltank|64/100|[from] item: Leftovers
|-heal|p1a: Regice|72/100 par|[from] item: Leftovers
|upkeep
|turn|11
|
|t:|1729033561
|switch|p2a: Heracross|Heracross, F|95/100
|move|p1a: Regice|Thunder Wave|p2a: Heracross
|-status|p2a: Heracross|par
|
|-weather|Sandstorm|[upkeep]
|-damage|p2a: Heracross|89/100 par|[from] Sandstorm
|-damage|p1a: Regice|66/100 par|[from] Sandstorm
|-heal|p1a: Regice|72/100 par|[from] item: Leftovers
|upkeep
|turn|12
|
|t:|1729033572
|move|p2a: Heracross|Rock Slide|p1a: Regice|[miss]
|-miss|p2a: Heracross|p1a: Regice
|move|p1a: Regice|Explosion|p2a: Heracross
|-damage|p2a: Heracross|0 fnt
|faint|p1a: Regice
|faint|p2a: Heracross
|
|t:|1729033587
|switch|p2a: Snorlax|Snorlax, F|100/100
|switch|p1a: Charizard|Charizard, M|60/100
|
|-weather|Sandstorm|[upkeep]
|-damage|p1a: Charizard|54/100|[from] Sandstorm
|-damage|p2a: Snorlax|94/100|[from] Sandstorm
|-heal|p1a: Charizard|60/100|[from] item: Leftovers
|-heal|p2a: Snorlax|100/100|[from] item: Leftovers
|upkeep
|turn|13
|
|t:|1729033596
|switch|p1a: Metagross|Metagross|100/100
|move|p2a: Snorlax|Curse|p2a: Snorlax
|-unboost|p2a: Snorlax|spe|1
|-boost|p2a: Snorlax|atk|1
|-boost|p2a: Snorlax|def|1
|
|-weather|Sandstorm|[upkeep]
|-damage|p2a: Snorlax|94/100|[from] Sandstorm
|-heal|p2a: Snorlax|100/100|[from] item: Leftovers
|upkeep
|turn|14
|inactive|squeenr has 270 seconds left.
|
|t:|1729033618
|move|p1a: Metagross|Explosion|p2a: Snorlax
|-damage|p2a: Snorlax|0 fnt
|faint|p1a: Metagross
|faint|p2a: Snorlax
|inactive|squeenr has 270 seconds left.
|
|t:|1729033629
|switch|p1a: Charizard|Charizard, M|60/100
|switch|p2a: Miltank|Miltank, F|64/100
|
|-weather|Sandstorm|[upkeep]
|-damage|p1a: Charizard|54/100|[from] Sandstorm
|-damage|p2a: Miltank|57/100|[from] Sandstorm
|-heal|p1a: Charizard|60/100|[from] item: Leftovers
|-heal|p2a: Miltank|64/100|[from] item: Leftovers
|upkeep
|turn|15
|inactive|lucyisafish has 270 seconds left.
|inactive|squeenr has 270 seconds left.
|
|t:|1729033645
|move|p1a: Charizard|Fire Blast|p2a: Miltank
|-damage|p2a: Miltank|31/100
|move|p2a: Miltank|Body Slam|p1a: Charizard
|-damage|p1a: Charizard|19/100
|
|-weather|Sandstorm|[upkeep]
|-damage|p1a: Charizard|13/100|[from] Sandstorm
|-damage|p2a: Miltank|25/100|[from] Sandstorm
|-heal|p1a: Charizard|19/100|[from] item: Leftovers
|-heal|p2a: Miltank|31/100|[from] item: Leftovers
|upkeep
|turn|16
|inactive|squeenr has 270 seconds left.
|
|t:|1729033659
|move|p1a: Charizard|Fire Blast|p2a: Miltank
|-damage|p2a: Miltank|0 fnt
|faint|p2a: Miltank
|
|t:|1729033664
|switch|p2a: Magneton|Magneton|100/100
|
|-weather|Sandstorm|[upkeep]
|-damage|p1a: Charizard|13/100|[from] Sandstorm
|-heal|p1a: Charizard|19/100|[from] item: Leftovers
|upkeep
|turn|17
|
|t:|1729033670
|move|p1a: Charizard|Fire Blast|p2a: Magneton
|-supereffective|p2a: Magneton
|-crit|p2a: Magneton
|-damage|p2a: Magneton|0 fnt
|faint|p2a: Magneton
|
|t:|1729033675
|switch|p2a: Tyranitar|Tyranitar, M|100/100
|
|-weather|Sandstorm|[upkeep]
|-damage|p1a: Charizard|13/100|[from] Sandstorm
|-heal|p1a: Charizard|19/100|[from] item: Leftovers
|upkeep
|turn|18
|
|t:|1729033687
|move|p1a: Charizard|Hidden Power|p2a: Tyranitar
|-supereffective|p2a: Tyranitar
|-damage|p2a: Tyranitar|63/100
|move|p2a: Tyranitar|Crunch|p1a: Charizard
|-damage|p1a: Charizard|0 fnt
|faint|p1a: Charizard
|
|win|squeenr
|c|☆lucyisafish|Gg
|c|☆squeenr|gg wp

</script>
<script type="application/json" class="data" id="replaydata-smogtours-gen3ou-799062">
{"id":"smogtours-gen3ou-799062","format":"[Gen 3] OU","players":["lucyisafish","squeenr"],"uploadtime":1729033687,"views":100,"formatid":"gen3ou","rating":null,"private":0,"password":null}
</script>

<script defer src="js/replays.js?9d40a366"></script>
