<!DOCTYPE html>
<meta charset="utf-8" />
<meta name="viewport" content="width=device-width" />

<title>[Gen 3] OU: Vangaio vs. when the 2) - Replays - Pok&eacute;mon Showdown!</title>

<meta name="description" content="Watch a replay of a Pok&eacute;mon battle between Vangaio and when the 2)! Format: [Gen 3] OU; Date: Oct 15, 2024" />
<!--

Hey, you! Looking in the source for the replay log?

You can find them in JSON format, just add `.json` at the end of a replay URL.

https://replay.pokemonshowdown.com/gen7randomdoublesbattle-865046831.json

Or, if you only need the log itself, add `.log` instead:

https://replay.pokemonshowdown.com/gen7randomdoublesbattle-865046831.log

-->

<link rel="stylesheet" href="//pokemonshowdown.com/style/global.css?0.023195364461161105" />
<link rel="stylesheet" href="//play.pokemonshowdown.com/style/font-awesome.css?0.13261647063804238" />
<link rel="stylesheet" href="//play.pokemonshowdown.com/style/battle.css?0.8753245789963631" />
<link rel="stylesheet" href="//play.pokemonshowdown.com/style/utilichart.css?0.8627959624976733" />

<!-- Global site tag (gtag.js) - Google Analytics -->
<script async src="https://www.googletagmanager.com/gtag/js?id=UA-26211653-1"></script>
<script>
  window.dataLayer = window.dataLayer || [];
  function gtag(){dataLayer.push(arguments);}
  gtag('js', new Date());

  gtag('config', 'UA-26211653-1');
</script>
<!-- End Google Analytics -->
<!-- Venatus Ad Manager - Install in <HEAD> of page -->
	<script src="https://hb.vntsm.com/v3/live/ad-manager.min.js" type="text/javascript" data-site-id="642aba63ec9a7b11c3c9c1be" data-mode="scan" async></script>
<!-- / Venatus Ad Manager -->

<style>
	@media (max-width:820px) {
		.battle {
			margin: 0 auto;
		}
		.battle-log {
			margin: 7px auto 0;
			max-width: 640px;
			height: 300px;
			position: static;
		}
	}
	.optgroup {
		display: inline-block;
		line-height: 22px;
		font-size: 10pt;
	}
	.optgroup .button {
		height: 25px;
		padding-top: 0;
		padding-bottom: 0;
	}
	.optgroup button.button {
		padding-left: 12px;
		padding-right: 12px;
	}
	.linklist {
		list-style: none;
		margin: 0.5em 0;
		padding: 0;
	}
	.linklist li {
		padding: 2px 0;
	}
	.sidebar {
		float: left;
		width: 320px;
	}
	.bar-wrapper {
		max-width: 1100px;
		margin: 0 auto;
	}
	.bar-wrapper.has-sidebar {
		max-width: 1430px;
	}
	.mainbar {
		margin: 0;
		padding-right: 1px;
	}
	.mainbar.has-sidebar {
		margin-left: 330px;
	}
	@media (min-width: 1511px) {
		.sidebar {
			width: 400px;
		}
		.bar-wrapper.has-sidebar {
			max-width: 1510px;
		}
		.mainbar.has-sidebar {
			margin-left: 410px;
		}
	}
	.section.first-section {
		margin-top: 9px;
	}
	.blocklink small {
		white-space: normal;
	}
	.button {
		vertical-align: middle;
	}
	.replay-controls {
		padding-top: 10px;
	}
	.replay-controls h1 {
		font-size: 16pt;
		font-weight: normal;
		color: #CCC;
	}
	.pagelink {
		text-align: center;
	}
	.pagelink a {
		width: 150px;
	}
	.textbox, .button {
		font-size: 11pt;
		vertical-align: middle;
	}
	@media (max-width: 450px) {
		.button {
			font-size: 9pt;
		}
	}
</style>

<div>

	<header>
		<div class="nav-wrapper"><ul class="nav">
			<li><a class="button nav-first" href="//pokemonshowdown.com/"><img src="//pokemonshowdown.com/images/pokemonshowdownbeta.png" srcset="//pokemonshowdown.com/images/pokemonshowdownbeta.png 1x, //pokemonshowdown.com/images/pokemonshowdownbeta@2x.png 2x" alt="Pok&eacute;mon Showdown" width="146" height="44" /> Home</a></li>
			<li><a class="button" href="//pokemonshowdown.com/dex/">Pok&eacute;dex</a></li>
			<li><a class="button cur" href="/">Replays</a></li>
			<li><a class="button" href="//pokemonshowdown.com/ladder/">Ladder</a></li>
			<li><a class="button nav-last" href="//pokemonshowdown.com/forums/">Forum</a></li>
			<li><a class="button greenbutton nav-first nav-last" href="//play.pokemonshowdown.com/">Play</a></li>
		</ul></div>
	</header>

	<div class="main" id="main">

		<noscript><section class="section">You need to enable JavaScript to use this page; sorry!</section></noscript>

	</div>

</div>

<script defer nomodule src="//play.pokemonshowdown.com/js/lib/ps-polyfill.js"></script>
<script defer src="//play.pokemonshowdown.com/js/lib/preact.min.js"></script>

<script defer src="//play.pokemonshowdown.com/config/config.js?2bddbc15"></script>
<script defer src="//play.pokemonshowdown.com/js/lib/jquery-1.11.0.min.js"></script>
<script defer src="//play.pokemonshowdown.com/js/lib/html-sanitizer-minified.js"></script>
<script defer src="//play.pokemonshowdown.com/js/battle-sound.js"></script>
<script defer src="//play.pokemonshowdown.com/js/battledata.js?0.7209276989879541"></script>
<script defer src="//play.pokemonshowdown.com/data/pokedex-mini.js?0.6111056340867951"></script>
<script defer src="//play.pokemonshowdown.com/data/pokedex-mini-bw.js?0.3532142036491459"></script>
<script defer src="//play.pokemonshowdown.com/data/graphics.js?0.24223875632456182"></script>
<script defer src="//play.pokemonshowdown.com/data/pokedex.js?0.38839984266356864"></script>
<script defer src="//play.pokemonshowdown.com/data/moves.js?0.21866028504024015"></script>
<script defer src="//play.pokemonshowdown.com/data/abilities.js?0.2005157953846628"></script>
<script defer src="//play.pokemonshowdown.com/data/items.js?0.9894211263848525"></script>
<script defer src="//play.pokemonshowdown.com/data/teambuilder-tables.js?0.6008791140282215"></script>
<script defer src="//play.pokemonshowdown.com/js/battle-tooltips.js?0.7580118955022959"></script>
<script defer src="//play.pokemonshowdown.com/js/battle.js?0.6057722274234274"></script>

<script defer src="js/utils.js?e31f9a17"></script>
<script defer src="js/replays-battle.js?7008c182"></script>

<!-- don't scrape this data! just add .json or .log after the URL!
Full API docs: https://github.com/smogon/pokemon-showdown-client/blob/master/WEB-API.md -->
<script type="text/plain" class="log" id="replaylog-smogtours-gen3ou-799011">
|inactive|Battle timer is ON: inactive players will automatically lose when time's up.
|t:|1729023587
|gametype|singles
|player|p1|Vangaio|depotagent|
|player|p2|when the 2)|102|
|teamsize|p1|6
|teamsize|p2|6
|gen|3
|tier|[Gen 3] OU
|rule|Sleep Clause Mod: Limit one foe put to sleep
|rule|Switch Priority Clause Mod: Faster Pokémon switch first
|rule|Species Clause: Limit one of each Pokémon
|rule|OHKO Clause: OHKO moves are banned
|rule|Evasion Items Clause: Evasion items are banned
|rule|Evasion Moves Clause: Evasion moves are banned
|rule|Endless Battle Clause: Forcing endless battles is banned
|rule|HP Percentage Mod: HP is shown in percentages
|rule|One Boost Passer Clause: Limit one Baton Passer that has a way to boost its stats
|rule|Freeze Clause Mod: Limit one foe frozen
|
|t:|1729023587
|start
|switch|p1a: Snorlax|Snorlax, M|100/100
|switch|p2a: Twinky Winky|Gengar, M|100/100
|turn|1
|
|t:|1729023599
|switch|p2a: Miguelito|Skarmory, F|100/100
|move|p1a: Snorlax|Shadow Ball|p2a: Miguelito
|-resisted|p2a: Miguelito
|-damage|p2a: Miguelito|92/100
|
|-heal|p2a: Miguelito|98/100|[from] item: Leftovers
|upkeep
|turn|2
|
|t:|1729023605
|switch|p1a: Magneton|Magneton|100/100
|move|p2a: Miguelito|Roar|p1a: Magneton
|drag|p1a: Heracross|Heracross, F|100/100
|
|-heal|p2a: Miguelito|100/100|[from] item: Leftovers
|upkeep
|turn|3
|
|t:|1729023619
|switch|p1a: Magneton|Magneton|100/100
|move|p2a: Miguelito|Roar|p1a: Magneton
|drag|p1a: Linoone|Linoone, F|100/100
|
|upkeep
|turn|4
|inactive|when the 2) has 270 seconds left.
|
|t:|1729023669
|switch|p1a: Snorlax|Snorlax, M|100/100
|switch|p2a: Barney from Oblock|Tyranitar, M|100/100
|-weather|Sandstorm|[from] ability: Sand Stream|[of] p2a: Barney from Oblock
|
|-weather|Sandstorm|[upkeep]
|-damage|p1a: Snorlax|94/100|[from] Sandstorm
|-heal|p1a: Snorlax|100/100|[from] item: Leftovers
|upkeep
|turn|5
|
|t:|1729023689
|move|p2a: Barney from Oblock|Rock Slide|p1a: Snorlax
|-damage|p1a: Snorlax|67/100
|move|p1a: Snorlax|Counter|p2a: Barney from Oblock
|-damage|p2a: Barney from Oblock|13/100
|
|-weather|Sandstorm|[upkeep]
|-damage|p1a: Snorlax|61/100|[from] Sandstorm
|-heal|p2a: Barney from Oblock|19/100|[from] item: Leftovers
|-heal|p1a: Snorlax|67/100|[from] item: Leftovers
|upkeep
|turn|6
|
|t:|1729023702
|move|p2a: Barney from Oblock|Rock Slide|p1a: Snorlax
|-damage|p1a: Snorlax|31/100
|move|p1a: Snorlax|Shadow Ball|p2a: Barney from Oblock
|-resisted|p2a: Barney from Oblock
|-damage|p2a: Barney from Oblock|10/100
|
|-weather|Sandstorm|[upkeep]
|-damage|p1a: Snorlax|25/100|[from] Sandstorm
|-heal|p2a: Barney from Oblock|16/100|[from] item: Leftovers
|-heal|p1a: Snorlax|31/100|[from] item: Leftovers
|upkeep
|turn|7
|
|t:|1729023715
|switch|p1a: Heracross|Heracross, F|100/100
|move|p2a: Barney from Oblock|Earthquake|p1a: Heracross
|-resisted|p1a: Heracross
|-damage|p1a: Heracross|72/100
|
|-weather|Sandstorm|[upkeep]
|-damage|p1a: Heracross|66/100|[from] Sandstorm
|-heal|p1a: Heracross|72/100|[from] item: Leftovers
|-heal|p2a: Barney from Oblock|22/100|[from] item: Leftovers
|upkeep
|turn|8
|inactive|when the 2) has 240 seconds left.
|
|t:|1729023747
|move|p1a: Heracross|Brick Break|p2a: Barney from Oblock
|-supereffective|p2a: Barney from Oblock
|-damage|p2a: Barney from Oblock|0 fnt
|faint|p2a: Barney from Oblock
|
|t:|1729023768
|switch|p2a: starm|Starmie|100/100
|
|-weather|Sandstorm|[upkeep]
|-damage|p2a: starm|94/100|[from] Sandstorm
|-damage|p1a: Heracross|66/100|[from] Sandstorm
|-heal|p2a: starm|100/100|[from] item: Leftovers
|-heal|p1a: Heracross|72/100|[from] item: Leftovers
|upkeep
|turn|9
|
|t:|1729023793
|move|p2a: starm|Hydro Pump|p1a: Heracross
|-damage|p1a: Heracross|5/100
|move|p1a: Heracross|Megahorn|p2a: starm
|-supereffective|p2a: starm
|-damage|p2a: starm|0 fnt
|faint|p2a: starm
|
|t:|1729023803
|switch|p2a: pink blob #15|Blissey, F|100/100
|
|-weather|Sandstorm|[upkeep]
|-damage|p1a: Heracross|0 fnt|[from] Sandstorm
|-damage|p2a: pink blob #15|94/100|[from] Sandstorm
|faint|p1a: Heracross
|-heal|p2a: pink blob #15|100/100|[from] item: Leftovers
|upkeep
|
|t:|1729023809
|switch|p1a: Metagross|Metagross|100/100
|turn|10
|
|t:|1729023816
|switch|p2a: Miguelito|Skarmory, F|100/100
|move|p1a: Metagross|Meteor Mash|p2a: Miguelito|[miss]
|-miss|p1a: Metagross|p2a: Miguelito
|
|-weather|Sandstorm|[upkeep]
|upkeep
|turn|11
|
|t:|1729023825
|switch|p1a: Magneton|Magneton|100/100
|move|p2a: Miguelito|Spikes|p1a: Magneton
|-sidestart|p1: Vangaio|Spikes
|
|-weather|Sandstorm|[upkeep]
|upkeep
|turn|12
|
|t:|1729023829
|move|p1a: Magneton|Thunderbolt|p2a: Miguelito
|-supereffective|p2a: Miguelito
|-damage|p2a: Miguelito|0 fnt
|faint|p2a: Miguelito
|
|t:|1729023836
|switch|p2a: Swamperc|Swampert, F|100/100
|
|-weather|Sandstorm|[upkeep]
|upkeep
|turn|13
|
|t:|1729023851
|move|p1a: Magneton|Hidden Power|p2a: Swamperc
|-supereffective|p2a: Swamperc
|-damage|p2a: Swamperc|15/100
|move|p2a: Swamperc|Earthquake|p1a: Magneton
|-supereffective|p1a: Magneton
|-damage|p1a: Magneton|0 fnt
|faint|p1a: Magneton
|
|t:|1729023865
|switch|p1a: Metagross|Metagross|100/100
|-damage|p1a: Metagross|88/100|[from] Spikes
|
|-weather|Sandstorm|[upkeep]
|-heal|p2a: Swamperc|21/100|[from] item: Leftovers
|upkeep
|turn|14
|
|t:|1729023876
|move|p1a: Metagross|Hidden Power|p2a: Swamperc
|-supereffective|p2a: Swamperc
|-damage|p2a: Swamperc|0 fnt
|faint|p2a: Swamperc
|
|t:|1729023879
|switch|p2a: Twinky Winky|Gengar, M|100/100
|
|-weather|Sandstorm|[upkeep]
|-damage|p2a: Twinky Winky|94/100|[from] Sandstorm
|-heal|p2a: Twinky Winky|100/100|[from] item: Leftovers
|upkeep
|turn|15
|
|t:|1729023888
|move|p2a: Twinky Winky|Thunderbolt|p1a: Metagross
|-damage|p1a: Metagross|47/100
|move|p1a: Metagross|Meteor Mash|p2a: Twinky Winky
|-damage|p2a: Twinky Winky|15/100
|-boost|p1a: Metagross|atk|1
|
|-weather|Sandstorm|[upkeep]
|-damage|p2a: Twinky Winky|9/100|[from] Sandstorm
|-heal|p2a: Twinky Winky|15/100|[from] item: Leftovers
|upkeep
|turn|16
|
|t:|1729023898
|move|p2a: Twinky Winky|Thunderbolt|p1a: Metagross
|-damage|p1a: Metagross|5/100
|move|p1a: Metagross|Meteor Mash|p2a: Twinky Winky
|-damage|p2a: Twinky Winky|0 fnt
|faint|p2a: Twinky Winky
|
|t:|1729023900
|switch|p2a: pink blob #15|Blissey, F|100/100
|
|-weather|Sandstorm|[upkeep]
|-damage|p2a: pink blob #15|94/100|[from] Sandstorm
|-enditem|p1a: Metagross|Salac Berry|[eat]
|-boost|p1a: Metagross|spe|1|[from] item: Salac Berry
|-heal|p2a: pink blob #15|100/100|[from] item: Leftovers
|upkeep
|turn|17
|
|t:|1729023904
|move|p1a: Metagross|Explosion|p2a: pink blob #15
|-damage|p2a: pink blob #15|0 fnt
|faint|p1a: Metagross
|faint|p2a: pink blob #15
|
|win|Vangaio
|c|☆Vangaio|ggs
|player|p2|

</script>
<script type="application/json" class="data" id="replaydata-smogtours-gen3ou-799011">
{"id":"smogtours-gen3ou-799011","format":"[Gen 3] OU","players":["Vangaio","when the 2)"],"uploadtime":1729023904,"views":87,"formatid":"gen3ou","rating":null,"private":0,"password":null}
</script>

<script defer src="js/replays.js?9d40a366"></script>
