<!DOCTYPE html>
<meta charset="utf-8" />
<meta name="viewport" content="width=device-width" />

<title>[Gen 3] OU: Hykari vs. OOF_MAXIMA - Replays - Pok&eacute;mon Showdown!</title>

<meta name="description" content="Watch a replay of a Pok&eacute;mon battle between Hykari and OOF_MAXIMA! Format: [Gen 3] OU; Date: Oct 28, 2024" />
<!--

Hey, you! Looking in the source for the replay log?

You can find them in JSON format, just add `.json` at the end of a replay URL.

https://replay.pokemonshowdown.com/gen7randomdoublesbattle-865046831.json

Or, if you only need the log itself, add `.log` instead:

https://replay.pokemonshowdown.com/gen7randomdoublesbattle-865046831.log

-->

<link rel="stylesheet" href="//pokemonshowdown.com/style/global.css?0.023195364461161105" />
<link rel="stylesheet" href="//play.pokemonshowdown.com/style/font-awesome.css?0.13261647063804238" />
<link rel="stylesheet" href="//play.pokemonshowdown.com/style/battle.css?0.8753245789963631" />
<link rel="stylesheet" href="//play.pokemonshowdown.com/style/utilichart.css?0.8627959624976733" />

<!-- Global site tag (gtag.js) - Google Analytics -->
<script async src="https://www.googletagmanager.com/gtag/js?id=UA-26211653-1"></script>
<script>
  window.dataLayer = window.dataLayer || [];
  function gtag(){dataLayer.push(arguments);}
  gtag('js', new Date());

  gtag('config', 'UA-26211653-1');
</script>
<!-- End Google Analytics -->
<!-- Venatus Ad Manager - Install in <HEAD> of page -->
	<script src="https://hb.vntsm.com/v3/live/ad-manager.min.js" type="text/javascript" data-site-id="642aba63ec9a7b11c3c9c1be" data-mode="scan" async></script>
<!-- / Venatus Ad Manager -->

<style>
	@media (max-width:820px) {
		.battle {
			margin: 0 auto;
		}
		.battle-log {
			margin: 7px auto 0;
			max-width: 640px;
			height: 300px;
			position: static;
		}
	}
	.optgroup {
		display: inline-block;
		line-height: 22px;
		font-size: 10pt;
	}
	.optgroup .button {
		height: 25px;
		padding-top: 0;
		padding-bottom: 0;
	}
	.optgroup button.button {
		padding-left: 12px;
		padding-right: 12px;
	}
	.linklist {
		list-style: none;
		margin: 0.5em 0;
		padding: 0;
	}
	.linklist li {
		padding: 2px 0;
	}
	.sidebar {
		float: left;
		width: 320px;
	}
	.bar-wrapper {
		max-width: 1100px;
		margin: 0 auto;
	}
	.bar-wrapper.has-sidebar {
		max-width: 1430px;
	}
	.mainbar {
		margin: 0;
		padding-right: 1px;
	}
	.mainbar.has-sidebar {
		margin-left: 330px;
	}
	@media (min-width: 1511px) {
		.sidebar {
			width: 400px;
		}
		.bar-wrapper.has-sidebar {
			max-width: 1510px;
		}
		.mainbar.has-sidebar {
			margin-left: 410px;
		}
	}
	.section.first-section {
		margin-top: 9px;
	}
	.blocklink small {
		white-space: normal;
	}
	.button {
		vertical-align: middle;
	}
	.replay-controls {
		padding-top: 10px;
	}
	.replay-controls h1 {
		font-size: 16pt;
		font-weight: normal;
		color: #CCC;
	}
	.pagelink {
		text-align: center;
	}
	.pagelink a {
		width: 150px;
	}
	.textbox, .button {
		font-size: 11pt;
		vertical-align: middle;
	}
	@media (max-width: 450px) {
		.button {
			font-size: 9pt;
		}
	}
</style>

<div>

	<header>
		<div class="nav-wrapper"><ul class="nav">
			<li><a class="button nav-first" href="//pokemonshowdown.com/"><img src="//pokemonshowdown.com/images/pokemonshowdownbeta.png" srcset="//pokemonshowdown.com/images/pokemonshowdownbeta.png 1x, //pokemonshowdown.com/images/pokemonshowdownbeta@2x.png 2x" alt="Pok&eacute;mon Showdown" width="146" height="44" /> Home</a></li>
			<li><a class="button" href="//pokemonshowdown.com/dex/">Pok&eacute;dex</a></li>
			<li><a class="button cur" href="/">Replays</a></li>
			<li><a class="button" href="//pokemonshowdown.com/ladder/">Ladder</a></li>
			<li><a class="button nav-last" href="//pokemonshowdown.com/forums/">Forum</a></li>
			<li><a class="button greenbutton nav-first nav-last" href="//play.pokemonshowdown.com/">Play</a></li>
		</ul></div>
	</header>

	<div class="main" id="main">

		<noscript><section class="section">You need to enable JavaScript to use this page; sorry!</section></noscript>

	</div>

</div>

<script defer nomodule src="//play.pokemonshowdown.com/js/lib/ps-polyfill.js"></script>
<script defer src="//play.pokemonshowdown.com/js/lib/preact.min.js"></script>

<script defer src="//play.pokemonshowdown.com/config/config.js?2bddbc15"></script>
<script defer src="//play.pokemonshowdown.com/js/lib/jquery-1.11.0.min.js"></script>
<script defer src="//play.pokemonshowdown.com/js/lib/html-sanitizer-minified.js"></script>
<script defer src="//play.pokemonshowdown.com/js/battle-sound.js"></script>
<script defer src="//play.pokemonshowdown.com/js/battledata.js?0.7209276989879541"></script>
<script defer src="//play.pokemonshowdown.com/data/pokedex-mini.js?0.6111056340867951"></script>
<script defer src="//play.pokemonshowdown.com/data/pokedex-mini-bw.js?0.3532142036491459"></script>
<script defer src="//play.pokemonshowdown.com/data/graphics.js?0.24223875632456182"></script>
<script defer src="//play.pokemonshowdown.com/data/pokedex.js?0.38839984266356864"></script>
<script defer src="//play.pokemonshowdown.com/data/moves.js?0.21866028504024015"></script>
<script defer src="//play.pokemonshowdown.com/data/abilities.js?0.2005157953846628"></script>
<script defer src="//play.pokemonshowdown.com/data/items.js?0.9894211263848525"></script>
<script defer src="//play.pokemonshowdown.com/data/teambuilder-tables.js?0.6008791140282215"></script>
<script defer src="//play.pokemonshowdown.com/js/battle-tooltips.js?0.7580118955022959"></script>
<script defer src="//play.pokemonshowdown.com/js/battle.js?0.6057722274234274"></script>

<script defer src="js/utils.js?e31f9a17"></script>
<script defer src="js/replays-battle.js?7008c182"></script>

<!-- don't scrape this data! just add .json or .log after the URL!
Full API docs: https://github.com/smogon/pokemon-showdown-client/blob/master/WEB-API.md -->
<script type="text/plain" class="log" id="replaylog-smogtours-gen3ou-803101">
|inactive|Battle timer is ON: inactive players will automatically lose when time's up.
|t:|1730140457
|gametype|singles
|player|p1|Hykari|flannery|
|player|p2|OOF_MAXIMA|cress|
|teamsize|p1|6
|teamsize|p2|6
|gen|3
|tier|[Gen 3] OU
|rule|Sleep Clause Mod: Limit one foe put to sleep
|rule|Switch Priority Clause Mod: Faster Pokémon switch first
|rule|Species Clause: Limit one of each Pokémon
|rule|OHKO Clause: OHKO moves are banned
|rule|Evasion Items Clause: Evasion items are banned
|rule|Evasion Moves Clause: Evasion moves are banned
|rule|Endless Battle Clause: Forcing endless battles is banned
|rule|HP Percentage Mod: HP is shown in percentages
|rule|One Boost Passer Clause: Limit one Baton Passer that has a way to boost its stats
|rule|Freeze Clause Mod: Limit one foe frozen
|
|t:|1730140457
|start
|switch|p1a: Suicune|Suicune|100/100
|switch|p2a: intelligent goober|Alakazam, F|100/100
|turn|1
|c|☆OOF_MAXIMA|gl hf
|c|☆Hykari|ditto
|inactive|Hykari has 270 seconds left.
|
|t:|1730140490
|move|p2a: intelligent goober|Hidden Power|p1a: Suicune
|-supereffective|p1a: Suicune
|-damage|p1a: Suicune|62/100
|move|p1a: Suicune|Hydro Pump|p2a: intelligent goober|[miss]
|-miss|p1a: Suicune|p2a: intelligent goober
|
|-heal|p1a: Suicune|68/100|[from] item: Leftovers
|upkeep
|turn|2
|
|t:|1730140499
|switch|p1a: Snorlax|Snorlax, M|100/100
|move|p2a: intelligent goober|Hidden Power|p1a: Snorlax
|-damage|p1a: Snorlax|84/100
|
|-heal|p1a: Snorlax|90/100|[from] item: Leftovers
|upkeep
|turn|3
|
|t:|1730140505
|move|p2a: intelligent goober|Psychic|p1a: Snorlax
|-damage|p1a: Snorlax|62/100
|move|p1a: Snorlax|Body Slam|p2a: intelligent goober
|-damage|p2a: intelligent goober|0 fnt
|faint|p2a: intelligent goober
|
|t:|1730140516
|switch|p2a: metal goober|Metagross|100/100
|
|-heal|p1a: Snorlax|68/100|[from] item: Leftovers
|upkeep
|turn|4
|inactive|Hykari has 270 seconds left.
|
|t:|1730140554
|switch|p1a: Magneton|Magneton|100/100
|move|p2a: metal goober|Meteor Mash|p1a: Magneton
|-resisted|p1a: Magneton
|-damage|p1a: Magneton|80/100
|
|upkeep
|turn|5
|inactive|Hykari has 270 seconds left.
|c|☆OOF_MAXIMA|guh
|
|t:|1730140582
|move|p1a: Magneton|Thunderbolt|p2a: metal goober
|-damage|p2a: metal goober|52/100
|move|p2a: metal goober|Meteor Mash|p1a: Magneton
|-resisted|p1a: Magneton
|-damage|p1a: Magneton|63/100
|
|-heal|p2a: metal goober|58/100|[from] item: Leftovers
|upkeep
|turn|6
|
|t:|1730140597
|move|p2a: metal goober|Protect|p2a: metal goober
|-singleturn|p2a: metal goober|Protect
|move|p1a: Magneton|Thunder Wave|p2a: metal goober
|-activate|p2a: metal goober|Protect
|
|-heal|p2a: metal goober|64/100|[from] item: Leftovers
|upkeep
|turn|7
|
|t:|1730140604
|move|p1a: Magneton|Thunder Wave|p2a: metal goober
|-status|p2a: metal goober|par
|move|p2a: metal goober|Earthquake|p1a: Magneton
|-supereffective|p1a: Magneton
|-damage|p1a: Magneton|0 fnt
|faint|p1a: Magneton
|
|t:|1730140619
|switch|p1a: Heracross|Heracross, F|100/100
|
|-heal|p2a: metal goober|70/100 par|[from] item: Leftovers
|upkeep
|turn|8
|
|t:|1730140625
|move|p1a: Heracross|Substitute|p1a: Heracross
|-start|p1a: Heracross|Substitute
|-damage|p1a: Heracross|75/100
|cant|p2a: metal goober|par
|
|-heal|p2a: metal goober|76/100 par|[from] item: Leftovers
|upkeep
|turn|9
|
|t:|1730140630
|move|p1a: Heracross|Swords Dance|p1a: Heracross
|-boost|p1a: Heracross|atk|2
|move|p2a: metal goober|Explosion|p1a: Heracross
|-end|p1a: Heracross|Substitute
|faint|p2a: metal goober
|
|t:|1730140633
|switch|p2a: diggy goober|Dugtrio, F|100/100
|
|upkeep
|turn|10
|
|t:|1730140639
|move|p2a: diggy goober|Aerial Ace|p1a: Heracross
|-supereffective|p1a: Heracross
|-damage|p1a: Heracross|0 fnt
|faint|p1a: Heracross
|inactive|Hykari has 270 seconds left.
|
|t:|1730140663
|switch|p1a: Suicune|Suicune|68/100
|
|-heal|p1a: Suicune|74/100|[from] item: Leftovers
|upkeep
|turn|11
|
|t:|1730140668
|switch|p2a: jolly goober|Ludicolo, M|100/100
|move|p1a: Suicune|Calm Mind|p1a: Suicune
|-boost|p1a: Suicune|spa|1
|-boost|p1a: Suicune|spd|1
|
|-heal|p1a: Suicune|80/100|[from] item: Leftovers
|upkeep
|turn|12
|inactive|Hykari has 270 seconds left.
|
|t:|1730140692
|move|p1a: Suicune|Ice Beam|p2a: jolly goober
|-damage|p2a: jolly goober|63/100
|-status|p2a: jolly goober|frz
|cant|p2a: jolly goober|frz
|
|-heal|p1a: Suicune|86/100|[from] item: Leftovers
|-heal|p2a: jolly goober|69/100 frz|[from] item: Leftovers
|upkeep
|turn|13
|c|☆Hykari|mb
|c|☆OOF_MAXIMA|nw
|
|t:|1730140712
|move|p1a: Suicune|Calm Mind|p1a: Suicune
|-boost|p1a: Suicune|spa|1
|-boost|p1a: Suicune|spd|1
|-curestatus|p2a: jolly goober|frz|[msg]
|move|p2a: jolly goober|Leech Seed|p1a: Suicune
|-start|p1a: Suicune|move: Leech Seed
|
|-heal|p1a: Suicune|92/100|[from] item: Leftovers
|-damage|p1a: Suicune|80/100|[from] Leech Seed|[of] p2a: jolly goober
|-heal|p2a: jolly goober|82/100|[silent]
|-heal|p2a: jolly goober|88/100|[from] item: Leftovers
|upkeep
|turn|14
|
|t:|1730140721
|switch|p2a: forehead goober|Suicune|100/100
|move|p1a: Suicune|Ice Beam|p2a: forehead goober
|-resisted|p2a: forehead goober
|-damage|p2a: forehead goober|80/100
|
|-heal|p1a: Suicune|86/100|[from] item: Leftovers
|-heal|p2a: forehead goober|86/100|[from] item: Leftovers
|-damage|p1a: Suicune|73/100|[from] Leech Seed|[of] p2a: forehead goober
|-heal|p2a: forehead goober|97/100|[silent]
|upkeep
|turn|15
|
|t:|1730140731
|switch|p1a: Snorlax|Snorlax, M|68/100
|move|p2a: forehead goober|Calm Mind|p2a: forehead goober
|-boost|p2a: forehead goober|spa|1
|-boost|p2a: forehead goober|spd|1
|
|-heal|p2a: forehead goober|100/100|[from] item: Leftovers
|-heal|p1a: Snorlax|74/100|[from] item: Leftovers
|upkeep
|turn|16
|
|t:|1730140742
|move|p2a: forehead goober|Surf|p1a: Snorlax
|-damage|p1a: Snorlax|42/100
|move|p1a: Snorlax|Self-Destruct|p2a: forehead goober
|-damage|p2a: forehead goober|0 fnt
|faint|p1a: Snorlax
|faint|p2a: forehead goober
|
|t:|1730140770
|switch|p2a: beetle goober|Heracross, F|100/100
|switch|p1a: Metagross|Metagross|100/100
|
|upkeep
|turn|17
|
|t:|1730140779
|switch|p1a: Salamence|Salamence, F|100/100
|-ability|p1a: Salamence|Intimidate|boost
|-unboost|p2a: beetle goober|atk|1
|move|p2a: beetle goober|Substitute|p2a: beetle goober
|-start|p2a: beetle goober|Substitute
|-damage|p2a: beetle goober|76/100
|
|upkeep
|turn|18
|
|t:|1730140788
|move|p1a: Salamence|Dragon Claw|p2a: beetle goober
|-end|p2a: beetle goober|Substitute
|move|p2a: beetle goober|Substitute|p2a: beetle goober
|-start|p2a: beetle goober|Substitute
|-damage|p2a: beetle goober|51/100
|
|upkeep
|turn|19
|
|t:|1730140798
|move|p1a: Salamence|Dragon Claw|p2a: beetle goober
|-end|p2a: beetle goober|Substitute
|move|p2a: beetle goober|Substitute|p2a: beetle goober
|-start|p2a: beetle goober|Substitute
|-damage|p2a: beetle goober|26/100
|
|upkeep
|turn|20
|
|t:|1730140803
|move|p1a: Salamence|Dragon Claw|p2a: beetle goober
|-end|p2a: beetle goober|Substitute
|move|p2a: beetle goober|Substitute|p2a: beetle goober
|-start|p2a: beetle goober|Substitute
|-damage|p2a: beetle goober|1/100
|
|-enditem|p2a: beetle goober|Salac Berry|[eat]
|-boost|p2a: beetle goober|spe|1|[from] item: Salac Berry
|upkeep
|turn|21
|
|t:|1730140815
|move|p2a: beetle goober|Swords Dance|p2a: beetle goober
|-boost|p2a: beetle goober|atk|2
|move|p1a: Salamence|Dragon Claw|p2a: beetle goober
|-end|p2a: beetle goober|Substitute
|
|upkeep
|turn|22
|
|t:|1730140824
|move|p2a: beetle goober|Reversal|p1a: Salamence
|-resisted|p1a: Salamence
|-damage|p1a: Salamence|0 fnt
|faint|p1a: Salamence
|
|t:|1730140841
|switch|p1a: Metagross|Metagross|100/100
|
|upkeep
|turn|23
|
|t:|1730140844
|move|p2a: beetle goober|Reversal|p1a: Metagross
|-damage|p1a: Metagross|0 fnt
|faint|p1a: Metagross
|
|t:|1730140846
|switch|p1a: Suicune|Suicune|73/100
|
|-heal|p1a: Suicune|79/100|[from] item: Leftovers
|upkeep
|turn|24
|
|t:|1730140847
|move|p2a: beetle goober|Reversal|p1a: Suicune
|-damage|p1a: Suicune|0 fnt
|faint|p1a: Suicune
|
|win|OOF_MAXIMA
|c|☆Hykari|gg
|c|☆OOF_MAXIMA|gg

</script>
<script type="application/json" class="data" id="replaydata-smogtours-gen3ou-803101">
{"id":"smogtours-gen3ou-803101","format":"[Gen 3] OU","players":["Hykari","OOF_MAXIMA"],"uploadtime":1730140847,"views":141,"formatid":"gen3ou","rating":null,"private":0,"password":null}
</script>

<script defer src="js/replays.js?9d40a366"></script>
